Description,Date,Earned,Paid,Category,Destination,Source,Net,Balance
Start amount,1/1/14,$284.28,,Misc,Bank,,$284.28,$284.28
Hard Drive,2/28/14,$38.33,$92.96,Tech,Cash,Bank,-$54.63,$229.65
Watch,7/3/14,,$37.78,Tech,,Bank,-$37.78,$191.87
Tire Swing,10/6/14,$1.00,,Work,Cash,,$1.00,$192.87
Moms DVD,10/31/14,,$5.00,Gift,,Cash,-$5.00,$187.87
Flash Drive,11/5/14,,$11.00,Tech,,Cash,-$11.00,$176.87
Headphones,11/5/14,,$20.00,Tech,,Cash,-$20.00,$156.87
Withdrawal Headphones/ Flashdrive,11/9/14,$58.87,$58.87,Tech,Cash,Bank,$0.00,$156.87
B-day Party,12/5/14,$2.00,,Gift,Cash,,$2.00,$158.87
Speakers,12/6/14,,$20.57,Tech,,Cash,-$20.57,$138.30
B-day From Swanson,12/7/14,$10.00,,Gift,Cash,,$10.00,$148.30
Christmas Shopping,12/21/14,,$14.01,Gift,,Visa,-$14.01,$134.29
Christmas Shopping,12/21/14,,$2.17,Gift,,Cash,-$2.17,$132.12
Christmas Money from Cambels,12/24/14,$50.00,,Gift,Cash,,$50.00,$182.12
Visa From Mcennas,12/24/14,$50.00,,Gift,Visa,,$50.00,$232.12
Deposit Gma christmas,12/25/14,$80.03,$80.00,Gift,Bank,Cash,$0.03,$232.15
36 Nerf Darts,1/31/15,,$5.00,Toys,,Cash,-$5.00,$227.15
Jolt,1/31/15,,$4.83,Toys,,Unpaid,-$4.83,$222.32
Lego Movie for dad,2/5/15,,$5.00,Gift,,Visa,-$5.00,$217.32
Powerbank,2/5/15,,$16.21,Tech,,Visa,-$16.21,$201.11
Bluetooth Keyboard,2/17/15,,$10.99,Tech,,Unpaid,-$10.99,$190.12
Audio Cable,2/17/15,,$2.85,Tech,,Unpaid,-$2.85,$187.27
Tims Camera,2/21/15,,$17.50,Tech,,Unpaid,-$17.50,$169.77
Tripod,3/3/15,,$4.98,Tech,,Unpaid,-$4.98,$164.79
Charging Cable,3/3/15,,$5.43,Tech,,Unpaid,-$5.43,$159.36
Withdrawal,3/4/15,$51.84,$51.80,Misc,Cash,Bank,$0.04,$159.40
Pay Dad,3/4/15,$15.02,$15.02,Misc,Unpaid,Cash,$0.00,$159.40
Pay Dad,3/4/15,$14.78,$14.78,Misc,Unpaid,Visa,$0.00,$159.40
Pay Tim,3/4/15,$17.50,$17.50,Misc,Unpaid,Cash,$0.00,$159.40
Feed Coxes Cat,3/14/15,$5.00,,Work,Cash,,$5.00,$164.40
Bike,3/15/15,,$16.57,Toys,,Cash,-$16.57,$147.83
Spedometer,3/18/15,,$10.70,Toys,,Unpaid,-$10.70,$137.13
Water bottle and holder,3/19/15,,$7.57,Toys,,Unpaid,-$7.57,$129.56
Subway Card,4/6/15,$4.18,,Gift,Cash,,$4.18,$133.74
Pay Dad,4/6/15,$10.70,$10.70,Misc,Unpaid,Cash,$0.00,$133.74
Fence Job,4/11/15,$8.03,,Work,Cash,,$8.03,$141.77
From Bryant,6/2/15,$1.00,,Work,Cash,,$1.00,$142.77
Hard Drive,6/4/15,,$84.99,Tech,,Unpaid,-$84.99,$57.78
Withdrawal,7/6/15,$84.99,$84.99,Misc,Unpaid,Bank,$0.00,$57.78
Camera Case,7/24/15,,$9.74,Tech,,Cash,-$9.74,$48.04
Knex,8/8/15,,$2.00,Toys,,Cash,-$2.00,$46.04
borrow from tim,8/8/15,$1.55,$1.55,Misc,Cash,Unpaid,$0.00,$46.04
Bank Withdrawal,8/9/15,$3.00,$3.00,Misc,Cash,Bank,$0.00,$46.04
USB Battery,11/3/15,,$11.24,Tech,,Cash,-$11.24,$34.80
Debate Lunch Money,11/13/15,$4.01,,Food,Cash,,$4.01,$38.81
B-day from Cambels,12/13/15,$16.00,,Gift,Bank,,$16.00,$54.81
B-day From Swansons,12/13/15,$50.00,,Gift,Bank,,$50.00,$104.81
B-day Gift Card,12/21/15,$25.00,,Gift,Gift Card,,$25.00,$129.81
Christmas Money from Cambels,12/24/15,$50.00,,Gift,Unpaid,,$50.00,$179.81
Christmas Money from Mcennas,12/24/15,$50.00,$11.58,Gift,Bank,Bank,$38.42,$218.23
Christmas Gift Card,12/24/15,$50.00,,Gift,Gift Card,,$50.00,$268.23
Paid Dad Cash,12/24/15,$6.00,$6.00,Misc,Unpaid,Cash,$0.00,$268.23
Amazon Gift Card,12/24/15,$75.00,$75.00,Gift,Unpaid,Gift Card,$0.00,$268.23
iPod Touch,12/27/15,,$215.99,Tech,,Unpaid,-$215.99,$52.24
iPod Case,12/27/15,,$13.99,Tech,,Unpaid,-$13.99,$38.25
Screen Protector,12/27/15,,$7.95,Tech,,Unpaid,-$7.95,$30.30
Bank Withdrawal,12/27/15,$107.76,$106.92,Misc,Unpaid,Bank,$0.84,$31.14
Debate Lunch,1/15/16,$5.00,,Food,Cash,,$5.00,$36.14
Yard Work,1/19/16,$3.00,,Work,Cash,,$3.00,$39.14
Bushes Work,7/15/16,$10.00,,Work,Cash,,$10.00,$49.14
Feed Cats,7/30/16,$10.01,,Work,Cash,,$10.01,$59.15
Bryant noodles,8/10/16,$4.00,,Work,Cash,,$4.00,$63.15
Dell Monitor,8/10/16,,$5.99,Tech,,Cash,-$5.99,$57.16
VGA Cable,8/10/16,,$1.99,Tech,,Cash,-$1.99,$55.17
HDMI to VGA Converter,8/10/16,,$7.50,Tech,,Cash,-$7.50,$47.67
Indoor/Outdoor thermometer,8/10/16,,$0.05,Tech,,Cash,-$0.05,$47.62
USB mini cable,8/10/16,,$1.80,Tech,,Cash,-$1.80,$45.82
Bluetooth Mouse,8/13/16,,$7.89,Tech,,Cash,-$7.89,$37.93
Thunderbolt to VGA adapter,8/13/16,,$5.85,Tech,,Cash,-$5.85,$32.08
Bluetooth Mouse,9/5/16,$7.89,$7.89,Tech,Cash,Cash,$0.00,$32.08
Window Job,9/19/16,$20.00,,Work,Bank,,$20.00,$52.08
Brick Job,10/9/16,$20.00,,Work,Bank,,$20.00,$72.08
Apareous Raking Leaves,11/27/16,$25.00,,Work,Bank,,$25.00,$97.08
Leadership Christmas Party Gift,12/4/16,,$4.97,Gift,,Cash,-$4.97,$92.11
Raking leaves,12/10/16,$20.00,,Work,Cash,,$20.00,$112.11
B Day <-- Swanson Gparents,12/12/16,$50.00,,Gift,Cash,,$50.00,$162.11
Christmas Shopping,12/17/16,$3.00,$16.24,Gift,Cash,Cash,-$13.24,$148.87
B Day <-- Cambell Gparents,12/17/16,$17.00,,Gift,Bank,,$17.00,$165.87
C-mas C Gparants,12/25/16,$50.00,,Gift,Bank,,$50.00,$215.87
C-mas Mkennas,12/25/16,$50.00,,Gift,Visa,,$50.00,$265.87
Keyboard Cover,1/15/17,,$0.99,Tech,,Visa,-$0.99,$264.88
Magsafe Power Supply,1/15/17,,$22.95,Tech,,Visa,-$22.95,$241.93
Speedomoter Batteries,1/15/17,,$0.99,Tech,,Visa,-$0.99,$240.94
Watch Band,1/15/17,,$5.99,Tech,,Visa,-$5.99,$234.95
Wire Splitter,1/31/17,,$1.99,Tech,,Visa,-$1.99,$232.96
Y Splitter,1/31/17,,$2.98,Tech,,Visa,-$2.98,$229.98
25ft Audio Cable,1/31/17,,$2.98,Tech,,Visa,-$2.98,$227.00
iPhone Screen Protector,2/6/17,,$0.99,Tech,,Visa,-$0.99,$226.01
Raking leaves,3/2/17,$50.00,,Work,Bank,,$50.00,$276.01
Breadboard,3/13/17,,$3.95,Education,,Visa,-$3.95,$272.06
Components,3/16/17,,$15.28,Education,,Cash,-$15.28,$256.78
More Components,5/19/17,$13.94,$17.83,Education,Cash,Bank,-$3.89,$252.89
Branches Job,5/20/17,$8.00,,Work,Bank,,$8.00,$260.89
Monitor,6/13/17,$0.08,$79.99,Tech,Bank,Bank,-$79.91,$172.98
Keyboard,6/13/17,,$14.88,Tech,,Bank,-$14.88,$158.10
Mouse,6/13/17,,$13.80,Tech,,Bank,-$13.80,$144.30
Hub,6/13/17,,$9.99,Tech,,Bank,-$9.99,$134.31
6-16 Paycheck,6/16/17,$454.60,$1.20,Work,Bank,Bank,$453.40,$587.71
6-29 Paycheck,6/29/17,$488.62,,Work,Bank,,$488.62,$1076.33
Double Shift,7/9/17,$20.00,,Work,Cash,,$20.00,$1096.33
7-15 Paycheck,7/14/17,$485.64,,Work,Bank,,$485.64,$1581.97
Batteries,7/16/17,,$4.27,Tech,,Bank,-$4.27,$1577.70
Pi & Accessories,7/16/17,,$64.00,Education,,Cash,-$64.00,$1513.70
7-28 Paycheck,7/28/17,$490.11,-$1.00,Work,Bank,Cash,$491.11,$2004.81
Feed Cats,7/29/17,$10.00,,Work,Cash,,$10.00,$2014.81
8-11 Paycheck,8/11/17,$473.69,,Work,Bank,,$473.69,$2488.50
8-25 Paycheck,8/25/17,$55.24,,Work,Bank,,$55.24,$2543.74
9-7 Paycheck,9/8/17,$80.35,,Work,Bank,,$80.35,$2624.09
9-22 Paycheck,9/22/17,$137.26,,Work,Bank,,$137.26,$2761.35
Football Ticket,9/22/17,,$3.00,Entertainment,,Cash,-$3.00,$2758.35
10-6 Paycheck ,10/6/17,$53.56,,Work,Bank,,$53.56,$2811.91
Debate Lunch,10/14/17,$8.82,,Food,Cash,,$8.82,$2820.73
10-20 Paycheck,10/20/17,$51.90,,Work,Bank,,$51.90,$2872.63
Dry Erase Paper/Markers,11/9/17,,$22.40,Office Supplies,,Bank,-$22.40,$2850.23
Flash Drive,11/9/17,,$8.68,Tech,,Bank,-$8.68,$2841.55
Personalized Pens,11/9/17,,$12.16,Office Supplies,,Bank,-$12.16,$2829.39
Personalized Pencil,11/9/17,,$15.00,Office Supplies,,Bank,-$15.00,$2814.39
Tim Amazon,11/15/17,$9.30,$9.30,Misc,Cash,Bank,$0.00,$2814.39
Cans,11/20/17,,$2.50,Gift,,Cash,-$2.50,$2811.89
12-1 Paycheck,12/1/17,$40.17,,Work,Bank,,$40.17,$2852.06
Christmas Presents-Walmart,12/2/17,,$67.83,Gift,,Bank,-$67.83,$2784.23
Tim Hub,12/4/17,,$7.00,Gift,,Bank,-$7.00,$2777.23
Yearbook,12/6/17,,$72.00,Entertainment,,Bank,-$72.00,$2705.23
Mom B-Day Yeabook,12/7/17,$36.00,,Gift,Cash,,$36.00,$2741.23
Gparents Swanson B-Day,12/7/17,$50.00,,Gift,Cash,,$50.00,$2791.23
Wireless Desk Charger,12/8/17,,$17.13,Tech,,Bank,-$17.13,$2774.10
Spotify,12/9/17,,$1.07,Entertainment,,Bank,-$1.07,$2773.03
Amazon Gift Card From Dad,12/10/17,$25.00,,Gift,Gift Card,,$25.00,$2798.03
Mouspads,12/11/17,,$28.21,Gift,,Bank,-$28.21,$2769.82
Drivers License,12/11/17,,$25.00,Fees,,Cash,-$25.00,$2744.82
Angel Tree & Secret Santa,12/15/17,$31.12,$62.81,Gift,Cash,Bank,-$31.69,$2713.13
Chickfillet,12/15/17,,$8.00,Food,,Cash,-$8.00,$2705.13
Gparents Cambel B-Day,12/15/17,$18.00,,Gift,Bank,,$18.00,$2723.13
Mrs. Sue Christmas,12/17/17,$10.00,,Gift,Cash,,$10.00,$2733.13
Router,12/20/17,,$15.00,Tech,,Cash,-$15.00,$2718.13
Star Wars Ticket,12/23/17,,$5.50,Entertainment,,Cash,-$5.50,$2712.63
Gparents Swanson Christmas,12/23/17,$50.00,,Gift,Bank,,$50.00,$2762.63
Gparents Cambel Christmas,12/25/17,$50.00,,Gift,Bank,,$50.00,$2812.63
VHS Extra Food Money,12/31/17,$16.16,,Food,Cash,,$16.16,$2828.79
Matriculation Fee,1/7/18,,$200.00,Direct College,,Bank,-$200.00,$2628.79
1-12 Paycheck,1/12/18,$110.48,,Work,Bank,,$110.48,$2739.27
Gas,2/4/18,,$10.01,Transportation,,Bank,-$10.01,$2729.26
USB to Ethernet Adapter,2/5/18,,$15.14,Tech,,Bank,-$15.14,$2714.12
Bio Trip,2/8/18,,$25.00,Food,,Cash,-$25.00,$2689.12
2-9 Paycheck,2/9/18,$120.51,,Work,Bank,,$120.51,$2809.63
TU CS & HG Interview Trip,2/22/18,$500.00,$500.00,Travel,Bank,Bank,$0.00,$2809.63
Walmart Trip,3/3/18,$14.50,$29.74,Food,Cash,Bank,-$15.24,$2794.39
Bio Trip,3/7/18,,$3.00,Food,,Cash,-$3.00,$2791.39
3-9 Paycheck,3/9/18,$41.85,,Work,Bank,,$41.85,$2833.24
Spotify,3/12/18,,$10.81,Entertainment,,Bank,-$10.81,$2822.43
iPhone 7 128G,3/16/18,,$424.62,Tech,,Bank,-$424.62,$2397.81
iPhone 7 128G,3/16/18,,$25.00,Tech,,Gift Card,-$25.00,$2372.81
Screen Protector,3/16/18,,$8.99,Tech,,Bank,-$8.99,$2363.82
Case,3/16/18,,$13.95,Tech,,Bank,-$13.95,$2349.87
3-23 Paycheck,3/26/18,$43.52,,Work,Bank,,$43.52,$2393.39
Tax Refund,3/28/18,$176.39,,Work,Bank,,$176.39,$2569.78
Movie Ticket,3/31/18,,$5.50,Entertainment,,Cash,-$5.50,$2564.28
4-6 Paycheck,4/6/18,$90.39,,Work,Bank,,$90.39,$2654.67
Class Dues,4/7/18,,$20.00,Entertainment,,Cash,-$20.00,$2634.67
Prius Gas,4/8/18,$6.84,$16.89,Transportation,Cash,Bank,-$10.05,$2624.62
Chickfillet,4/8/18,,$8.00,Food,,Cash,-$8.00,$2616.62
Lightning to 3.5mm,4/9/18,,$9.74,Tech,,Bank,-$9.74,$2606.88
Spotify,4/10/18,,$5.40,Entertainment,,Bank,-$5.40,$2601.48
Bubble Soccer,4/13/18,,$10.00,Entertainment,,Cash,-$10.00,$2591.48
4-20 Paycheck,4/20/18,$50.22,,Work,Bank,,$50.22,$2641.70
Lockheed Martin,4/21/18,$16.00,,Food,Cash,,$16.00,$2657.70
CS AP Test,4/23/18,,$53.00,Education,,Bank,-$53.00,$2604.70
UIL State Food,5/5/18,$43.00,,Food,Cash,,$43.00,$2647.70
UIL State McDonalds,5/5/18,,$8.65,Food,,Bank,-$8.65,$2639.05
Tiger Creek,5/7/18,,$6.50,Entertainment,,Cash,-$6.50,$2632.55
Walmart Trip,5/7/18,$11.00,$20.81,Food,Cash,Bank,-$9.81,$2622.74
Spotify,5/10/18,,$5.40,Entertainment,,Bank,-$5.40,$2617.34
Tercel Gas,5/12/18,,$16.13,Transportation,,Bank,-$16.13,$2601.21
McDonalds,5/18/18,,$4.27,Food,,Bank,-$4.27,$2596.94
5-18 Paycheck,5/18/18,$46.87,,Work,Bank,,$46.87,$2643.81
Grad Tickets,5/25/18,$5.75,,Food,Cash,,$5.75,$2649.56
Mom & Dad Graduation Gift,5/26/18,$20.00,,Gift,Cash,,$20.00,$2669.56
Grandparents Campbell Grad Gift,5/26/18,$100.00,,Gift,Bank,,$100.00,$2769.56
6-1 Paycheck,6/1/18,$90.40,,Work,Bank,,$90.40,$2859.96
Deposit,6/3/18,$120.00,$120.00,Misc,Bank,Cash,$0.00,$2859.96
6-15 Paycheck,6/15/18,$355.58,,Work,Bank,,$355.58,$3215.54
Screen Protector,6/16/18,,$7.99,Tech,,Bank,-$7.99,$3207.55
Charging Cables,6/16/18,,$9.99,Tech,,Bank,-$9.99,$3197.56
Bluetooth Headphones,6/16/18,,$14.43,Tech,,Bank,-$14.43,$3183.13
Grandpa Flowers,6/16/18,,$8.00,Gift,,Cash,-$8.00,$3175.13
Apple Subscription,6/16/18,,$5.40,Entertainment,,Cash,-$5.40,$3169.73
Incredibles 2 Ticket,6/17/18,,$6.22,Entertainment,,Bank,-$6.22,$3163.51
Fathers Day Ticket,6/17/18,,$6.22,Gift,,Bank,-$6.22,$3157.29
Darkest Hour-Vudu,6/22/18,,$2.98,Gift,,Bank,-$2.98,$3154.31
Gas,6/28/18,$40.00,$40.44,Transportation,Cash,Bank,-$0.44,$3153.87
6-28 Paycheck,6/28/18,$194.16,,Work,Bank,,$194.16,$3348.03
Apple Subscription,7/3/18,,$5.40,Entertainment,,Bank,-$5.40,$3342.63
7-13 Paycheck,7/13/18,$501.85,,Work,Bank,,$501.85,$3844.48
Whatz Up,7/14/18,$10.00,$32.48,Entertainment,Cash,Discover,-$22.48,$3822.00
Sonic,7/14/18,,$1.79,Food,,Discover,-$1.79,$3820.21
Odyssey Gas,7/16/18,,$36.16,Transportation,,Bank,-$36.16,$3784.05
Passport Photo,7/18/18,,$8.05,Fees,,Discover,-$8.05,$3776.00
Taylor Semester 1,7/22/18,,$104.50,Direct College,,Bank,-$104.50,$3671.50
2018 iPad 32GB,7/22/18,,$334.49,Ed Tech,,Discover,-$334.49,$3337.01
Apple Pencil,7/22/18,,$96.34,Ed Tech,,Discover,-$96.34,$3240.67
iPad Accessories,7/22/18,,$8.98,Ed Tech,,Discover,-$8.98,$3231.69
Ally Interest Checking Deposit,7/24/18,$50.00,$50.00,Misc,Checking,Bank,$0.00,$3231.69
Ally Savings Deposit,7/24/18,$3540.42,$3540.42,Misc,Savings,Bank,$0.00,$3231.69
Notability,7/26/18,,$10.81,Ed Tech,,Bank,-$10.81,$3220.88
Paycheck,7/27/18,$459.30,,Work,Bank,,$459.30,$3680.18
Pay Tim For iPad,7/28/18,,$25.00,Ed Tech,,Checking,-$25.00,$3655.18
Goodwill Clothes,7/29/18,,$11.00,Clothes,,Discover,-$11.00,$3644.18
Feed Cat,7/29/18,$10.00,,Work,Savings,,$10.00,$3654.18
Passport Fees,7/30/18,$111.20,$257.40,Fees,Savings,Bank,-$146.20,$3507.98
Transfer,7/30/18,$25.00,$25.00,Misc,Checking,Savings,$0.00,$3507.98
Apple Subscription,8/3/18,,$5.40,Entertainment,,Bank,-$5.40,$3502.58
RTL&C Scholarship,8/8/18,$1000.00,,Gift,Savings,,$1000.00,$4502.58
Van Gas,8/8/18,,$4.88,Transportation,,Discover,-$4.88,$4497.70
8-10 Paycheck,8/10/18,$492.90,,Work,Savings,,$492.90,$4990.60
Interest,8/11/18,$2.79,,Interest ,Savings,,$2.79,$4993.39
Bluetooth Keyboard,8/13/18,,$25.97,Ed Tech,,Discover,-$25.97,$4967.42
Audible,8/13/18,,$16.18,Entertainment,,Bank,-$16.18,$4951.24
Liz Borrow for College,8/18/18,$2454.22,$2454.22,Misc,Liz,Savings,$0.00,$4951.24
Discover Payment,8/21/18,$523.98,$518.67,Interest ,Discover,Savings,$5.31,$4956.55
School Shopping @ Walmart,8/21/18,,$33.91,Groceries,,Discover,-$33.91,$4922.64
Computer Science Distilled,8/23/18,,$19.00,Textbook,,Discover,-$19.00,$4903.64
Amazon Textbooks,8/23/18,,$75.55,Textbook,,Discover,-$75.55,$4828.09
Paycheck,8/24/18,$401.85,,Work,Savings,,$401.85,$5229.94
BIB LIT Books,8/24/18,,$38.51,Textbook,,Discover,-$38.51,$5191.43
Ethernet cable,8/27/18,,$9.99,Tech,,Discover,-$9.99,$5181.44
Interpersonal Speaking Textbook,8/27/18,,$48.57,Textbook,,Bank,-$48.57,$5132.87
IAS 110 Workbook,8/28/18,,$5.34,Textbook,,Discover,-$5.34,$5127.53
Essentials of Discrete Math Textbook,8/31/18,,$10.69,Textbook,,Discover,-$10.69,$5116.84
Turning Pt 1-Yr Sub,8/31/18,,$24.99,Textbook,,Discover,-$24.99,$5091.85
Black Panther,9/1/18,,$5.40,Entertainment,,Discover,-$5.40,$5086.45
iPhone Case,9/2/18,,$16.04,Tech,,Discover,-$16.04,$5070.41
Apple Subscription ,9/3/18,,$5.40,Entertainment,,Discover,-$5.40,$5065.01
TrojanSec Bowling,9/7/18,,$8.00,Entertainment,,Cash,-$8.00,$5057.01
Notability Mac,9/10/18,,$10.81,Ed Tech,,Discover,-$10.81,$5046.20
Interest,9/10/18,$5.15,,Interest ,Savings,,$5.15,$5051.35
CS Retreat,9/11/18,$250.00,$250.00,Fees,TU Account,Savings,$0.00,$5051.35
Pizza,9/14/18,,$2.00,Food,,Checking,-$2.00,$5049.35
Incredibles 2,9/15/18,,$2.00,Entertainment,,Cash,-$2.00,$5047.35
MuKappa Retreat,9/18/18,$5.00,$20.00,Fees,Checking,Cash,-$15.00,$5032.35
AP Credit,9/20/18,,$240.00,Fees,,TU Account,-$240.00,$4792.35
Discover Cashback,9/22/18,$2.45,,Interest ,Discover,,$2.45,$4794.80
Discover Payment,9/22/18,$242.37,$242.37,Misc,Discover,Savings,$0.00,$4794.80
Solo,9/22/18,$1.50,$3.00,Entertainment,Checking,Cash,-$1.50,$4793.30
Soap/Shampoo,9/22/18,,$5.25,Cosmetics,,Discover,-$5.25,$4788.05
Haircut,9/22/18,,$18.27,Cosmetics,,Discover,-$18.27,$4769.78
Amazon Bike Stuff,9/25/18,,$26.50,Transportation,,Discover,-$26.50,$4743.28
Bike Tool Kit,9/25/18,,$18.16,Transportation,,Discover,-$18.16,$4725.12
Bible,9/25/18,,$12.90,Education,,Discover,-$12.90,$4712.22
Cosmetics,9/25/18,,$15.52,Cosmetics,,Discover,-$15.52,$4696.70
Bike Handles,9/25/18,,$6.99,Transportation,,Discover,-$6.99,$4689.71
Highlighters,9/25/18,,$2.96,Education,,Discover,-$2.96,$4686.75
Apple Subscription,10/3/18,,$5.40,Entertainment,,Discover,-$5.40,$4681.35
Interest,10/10/18,$3.31,,Interest ,Savings,,$3.31,$4684.66
Scarf,10/15/18,,$6.99,Clothes,,Discover,-$6.99,$4677.67
Wrench,10/15/18,,$12.20,Transportation,,Discover,-$12.20,$4665.47
Tire Patches,10/15/18,,$5.72,Transportation,,Discover,-$5.72,$4659.75
Honors Symphony Event,10/16/18,,$5.00,Entertainment,,Cash,-$5.00,$4654.75
Unaccounted $5,10/17/18,,$5.00,Misc,,Cash,-$5.00,$4649.75
FOSO Soccer Team,10/19/18,,$5.79,Fees,,Discover,-$5.79,$4643.96
Gerig Soccer Team,10/21/18,,$5.79,Fees,,Discover,-$5.79,$4638.17
Audible,10/27/18,,$16.18,Entertainment,,Discover,-$16.18,$4621.99
Skyzone,10/27/18,,$19.00,Entertainment,,Discover,-$19.00,$4602.99
Culvers-Ice Cream,10/27/18,,$3.99,Food,,Discover,-$3.99,$4599.00
Derek Soccer,10/30/18,$5.79,$5.79,Misc,Cash,Discover,$0.00,$4599.00
Adrian,10/30/18,,$10.00,Tithe (Legal),,Cash,-$10.00,$4589.00
Bowling,11/2/18,,$7.50,Entertainment,,Discover,-$7.50,$4581.50
Apple Subscription,11/3/18,,$5.40,Entertainment,,Discover,-$5.40,$4576.10
Interest,11/10/18,$3.32,,Interest ,Savings,,$3.32,$4579.42
Credit Card Payment,11/17/18,$147.67,$147.67,Misc,Discover,Savings,$0.00,$4579.42
Into the woods,11/18/18,,$20.00,Entertainment,,Discover,-$20.00,$4559.42
Apple Subscription,11/23/18,$100.00,$80.00,Entertainment,Gift Card,Discover,$20.00,$4579.42
Chuys Mexican Restaurant,11/23/18,,$6.40,Food,,Discover,-$6.40,$4573.02
Becky & Ed Christmas Gift,11/24/18,,$10.00,Gift,,Cash,-$10.00,$4563.02
Thanksgiving Gas Money,11/25/18,,$5.00,Transportation,,Cash,-$5.00,$4558.02
Screen Protector,11/26/18,,$8.99,Tech,,Discover,-$8.99,$4549.03
Bluetooth Speaker,11/26/18,,$27.99,Tech,,Discover,-$27.99,$4521.04
Apple Watch,11/26/18,$50.00,$327.13,Tech,Gift Card,Discover,-$277.13,$4243.91
Gerig Sweatshirt for Tim,11/26/18,,$20.33,Gift,,Discover,-$20.33,$4223.58
Transfer,11/27/18,$170.94,$170.94,Misc,Savings,Bank,$0.00,$4223.58
Train Ticket,11/27/18,$90.00,$90.00,Travel,Savings,Discover,$0.00,$4223.58
Apple Subscription,12/3/18,,$5.40,Entertainment,,Gift Card,-$5.40,$4218.18
Duffel Bag,12/9/18,,$27.25,Travel,,Discover,-$27.25,$4190.93
Interest,12/10/18,$3.30,,Interest ,Savings,,$3.30,$4194.23
Rice Pilaf,12/11/18,,$1.00,Entertainment,,Cash,-$1.00,$4193.23
Withdrawal ,12/13/18,$40.00,$43.00,Misc,Cash,Checking,-$3.00,$4190.23
Gas Money,12/14/18,$10.00,$10.00,Travel,Savings,Checking,$0.00,$4190.23
Train Ticket,12/15/18,$112.00,$112.00,Travel,Savings,Discover,$0.00,$4190.23
Bday from Swanson G Parents,12/16/18,$50.00,,Gift,Cash,,$50.00,$4240.23
Discover Payment,12/17/18,$89.44,$89.44,Misc,Discover,Savings,$0.00,$4240.23
Discover Payment,12/17/18,$588.09,$582.45,Misc,Discover,Savings,$5.64,$4245.87
Transfer,12/17/18,$100.00,$100.00,Misc,Checking,Savings,$0.00,$4245.87
Yard Work,12/19/18,$5.00,,Work,Cash,,$5.00,$4250.87
Dirt Cheap Christmas,12/21/18,,$5.83,Gift,,Discover,-$5.83,$4245.04
Walmart Christmas,12/21/18,,$17.02,Gift,,Discover,-$17.02,$4228.02
Walmart General,12/21/18,,$15.70,Groceries,,Discover,-$15.70,$4212.32
Amazon Chrismas,12/21/18,,$22.72,Gift,,Discover,-$22.72,$4189.60
McKenna Christmas,12/21/18,$50.00,,Gift,Checking,,$50.00,$4239.60
Liz Repay,12/21/18,$2454.22,$2454.22,Misc,Savings,Liz,$0.00,$4239.60
Spiderman Ticket,12/26/18,,$1.50,Entertainment,,Discover,-$1.50,$4238.10
Cambel Christmas Gift,12/26/18,$50.00,,Gift,Savings,,$50.00,$4288.10
J-Term & Spring Bill,12/28/18,,$10.00,Direct College,,TU Account,-$10.00,$4278.10
Battery Case,12/28/18,,$19.99,Tech,,Discover,-$19.99,$4258.11
Tim Half of EOT Book,12/29/18,$12.29,,Textbook,Savings,,$12.29,$4270.40
Vindicating the Vixens,12/29/18,,$17.19,Textbook,,Discover,-$17.19,$4253.21
J-Term & Spring Bill,1/1/19,,$1147.50,Direct College,,Savings,-$1147.50,$3105.71
Gatorade,1/1/19,,$1.35,Food,,Discover,-$1.35,$3104.36
Jake Driving,1/1/19,$10.00,$10.00,Travel,Savings,Checking,$0.00,$3104.36
Mr. Cox Gift,1/1/19,$10.00,,Gift,Cash,,$10.00,$3114.36
Food,1/2/19,,$6.09,Food,,Discover,-$6.09,$3108.27
Apple Subscription,1/3/19,,$5.40,Entertainment,,Gift Card,-$5.40,$3102.87
Pilence Parts,1/7/19,,$11.07,Ed Tech,,Discover,-$11.07,$3091.80
ATM Fee Reimbursement,1/10/19,$3.01,,Misc,Checking,,$3.01,$3094.81
Interest,1/10/19,$4.88,,Interest ,Savings,,$4.88,$3099.69
Payment,1/15/19,$112.00,$112.00,Misc,Discover,Savings,$0.00,$3099.69
China Trip Spending Money,1/23/19,,$50.00,Groceries,,Cash,-$50.00,$3049.69
Hair Gel,1/23/19,$10.78,$21.05,Cosmetics,Checking,Discover,-$10.27,$3039.42
Gerig Lasertag,1/26/19,$0.01,$18.00,Entertainment,Checking,Checking,-$17.99,$3021.43
Alexanders Ice cream,1/26/19,,$5.88,Food,,Discover,-$5.88,$3015.55
Calc II Workbook,1/28/19,,$6.41,Textbook,,Discover,-$6.41,$3009.14
ZYBook,1/28/19,,$61.83,Textbook,,Discover,-$61.83,$2947.31
The Linux Command Line,1/28/19,,$25.97,Textbook,,Discover,-$25.97,$2921.34
Don’t make me think,1/28/19,,$22.72,Textbook,,Discover,-$22.72,$2898.62
Student ID,2/1/19,,$15.00,Fees,,TU Account,-$15.00,$2883.62
Tim pay for CS Distilled & Tanack,2/2/19,$15.51,,Textbook,Checking,,$15.51,$2899.13
Calc II Textbook,2/4/19,,$12.83,Textbook,,Discover,-$12.83,$2886.30
Apple Misic,2/4/19,,$5.40,Entertainment,,Gift Card,-$5.40,$2880.90
The Prestige,2/10/19,,$3.18,Entertainment,,Checking,-$3.18,$2877.72
Interest,2/11/19,$4.75,,Interest ,Savings,,$4.75,$2882.47
China Program,2/11/19,,$15.00,Tithe (Legal),,Cash,-$15.00,$2867.47
Discover Payment,2/15/19,$118.46,$118.46,Misc,Discover,Savings,$0.00,$2867.47
Taylor Paycheck,2/22/19,$83.74,,Work,Savings,,$83.74,$2951.21
Gas Money,2/23/19,,$2.00,Transportation,,Cash,-$2.00,$2949.21
Nostalgia Night,2/23/19,,$5.00,Entertainment,,Cash,-$5.00,$2944.21
Amazon Cosmetics,2/23/19,,$32.89,Cosmetics,,Discover,-$32.89,$2911.32
Tax Refund,2/26/19,$99.27,,Work,Savings,,$99.27,$3010.59
Apple Subscription,3/5/19,,$5.40,Entertainment,,Gift Card,-$5.40,$3005.19
Eniagram,3/8/19,,$10.00,Entertainment,,Discover,-$10.00,$2995.19
Taylor Paycheck,3/8/19,$112.04,,Work,Savings,,$112.04,$3107.23
IKEA PAD food,3/9/19,,$6.20,Food,,Discover,-$6.20,$3101.03
IKEA PAD gas,3/9/19,,$5.00,Transportation,,Cash,-$5.00,$3096.03
Interest,3/10/19,$4.39,,Interest ,Savings,,$4.39,$3100.42
Spring Break Housing,3/14/19,,$50.00,Direct College,,TU Account,-$50.00,$3050.42
Spring Break Groceries,3/16/19,$21.61,$49.76,Groceries,Checking,Discover,-$28.15,$3022.27
Taylor Payment,3/18/19,$65.00,$65.00,Misc,TU Account,Checking,$0.00,$3022.27
Discover Payment,3/18/19,$156.69,$156.69,Misc,Discover,Savings,$0.00,$3022.27
Pi Parts,3/20/19,,$28.92,Ed Tech,,Discover,-$28.92,$2993.35
Alfred,3/20/19,,$31.56,Tech,,Discover,-$31.56,$2961.79
AEC 350 Materials,3/22/19,,$16.03,Textbook,,Discover,-$16.03,$2945.76
Star Trek Rental,3/22/19,,$3.18,Entertainment,,Discover,-$3.18,$2942.58
Taylor Paycheck,3/22/19,$129.16,,Work,Savings,,$129.16,$3071.74
Ultimate Frisbee Fee,3/27/19,,$5.79,Fees,,Discover,-$5.79,$3065.95
Airband,3/30/19,,$5.00,Entertainment,,Cash,-$5.00,$3060.95
"Headphones, Lamp",3/31/19,,$29.72,Tech,,Discover,-$29.72,$3031.23
Apple Subscription,4/3/19,,$5.40,Entertainment,,Gift Card,-$5.40,$3025.83
Taylor Paycheck,4/5/19,$72.13,,Work,Savings,,$72.13,$3097.96
Interest,4/10/19,$5.50,,Interest ,Savings,,$5.50,$3103.46
Rice Pilaf,4/12/19,,$1.00,Entertainment,,Cash,-$1.00,$3102.46
Dumpling House,4/13/19,,$5.00,Food,,Cash,-$5.00,$3097.46
Mosaic Night,4/13/19,,$5.00,Food,,Cash,-$5.00,$3092.46
[Unknown],4/13/19,,$10.00,Misc,,Cash,-$10.00,$3082.46
Withdrawal,4/15/19,$40.00,$39.99,Misc,Cash,Checking,$0.01,$3082.47
Discover Payment,4/16/19,$98.85,$98.85,Misc,Discover,Savings,$0.00,$3082.47
Taylor Paycheck,4/19/19,$72.98,,Work,Savings,,$72.98,$3155.45
Inner Tube,4/23/19,,$9.95,Transportation,,Discover,-$9.95,$3145.50
End Game Ticket,4/24/19,,$8.19,Entertainment,,Discover,-$8.19,$3137.31
Haircut,4/29/19,,$11.00,Cosmetics,,Discover,-$11.00,$3126.31
Honors Trip to Indi Art Meusam,5/3/19,,$5.00,Entertainment,,Cash,-$5.00,$3121.31
Taylor Paycheck,5/3/19,$109.02,,Work,Savings,,$109.02,$3230.33
Apple Subscription,5/6/19,,$5.40,Entertainment,,Gift Card,-$5.40,$3224.93
Advanced Payment,5/7/19,$100.00,$100.00,Misc,TU Account,Savings,$0.00,$3224.93
iHop Trip,5/8/19,,$7.40,Food,,Discover,-$7.40,$3217.53
Advance Taylor Payment,5/8/19,,$100.00,Direct College,,TU Account,-$100.00,$3117.53
Summer Housing,5/9/19,,$460.00,Housing,,TU Account,-$460.00,$2657.53
Interest,5/10/19,$5.46,,Interest ,Savings,,$5.46,$2662.99
Local Groceries,5/10/19,,$7.77,Groceries,,Discover,-$7.77,$2655.22
Grace Gas Cash,5/12/19,,$10.00,Transportation,,Cash,-$10.00,$2645.22
Indian Lunch,5/12/19,,$14.89,Food,,Discover,-$14.89,$2630.33
Discover Payment,5/16/19,$510.19,$510.19,Misc,Discover,Savings,$0.00,$2630.33
Taylor Paycheck,5/17/19,$82.71,,Work,Savings,,$82.71,$2713.04
Goodwill Clothes,5/18/19,,$4.80,Clothes,,Discover,-$4.80,$2708.24
Walmart Clothes,5/18/19,,$45.72,Clothes,,Discover,-$45.72,$2662.52
Walmart Groceries,5/18/19,,$37.28,Groceries,,Discover,-$37.28,$2625.24
Wendy’s Dinner,5/18/19,,$4.28,Food,,Discover,-$4.28,$2620.96
Walmart Groceries for Wengatz Week,5/20/19,,$13.37,Groceries,,Checking,-$13.37,$2607.59
Greeks Lunch,5/26/19,,$6.12,Food,,Discover,-$6.12,$2601.47
Taco Bell Lunch,5/26/19,,$6.41,Food,,Discover,-$6.41,$2595.06
Transfer,5/26/19,$150.00,$150.00,Misc,Checking,Savings,$0.00,$2595.06
Walmart Groceries for 1st week & summer,5/28/19,,$57.98,Groceries,,Checking,-$57.98,$2537.08
Taylor Paycheck,5/31/19,$400.48,,Work,Savings,,$400.48,$2937.56
United Flight IND -> EUG,6/1/19,$179.00,$179.00,Travel,Checking,Discover,$0.00,$2937.56
American EUG -> WIT,6/1/19,$215.00,$215.99,Travel,Checking,Discover,-$0.99,$2936.57
Walmart Groceries ,6/1/19,,$42.67,Groceries,,Checking,-$42.67,$2893.90
Steven Dinner,6/6/19,,$5.00,Food,,Checking,-$5.00,$2888.90
Dollar General,6/7/19,,$5.35,Groceries,,Discover,-$5.35,$2883.55
Apple Subscription,6/7/19,,$5.40,Entertainment,,Gift Card,-$5.40,$2878.15
Aldi’s,6/8/19,$18.66,$38.09,Groceries,Checking,Discover,-$19.43,$2858.72
Touchnet Transfer,6/10/19,$460.00,$460.00,Misc,TU Account,Savings,$0.00,$2858.72
Interest,6/10/19,$5.08,,Interest ,Savings,,$5.08,$2863.80
Lego Movie 2,6/12/19,$4.00,$6.36,Entertainment,Checking,Discover,-$2.36,$2861.44
Misc,6/12/19,$2.00,$2.00,Misc,Cash,Checking,$0.00,$2861.44
Taylor Paycheck,6/14/19,$804.30,,Work,Savings,,$804.30,$3665.74
Tyme,6/16/19,,$37.87,Ed Tech,,Gift Card,-$37.87,$3627.87
Discover Payment,6/17/19,$151.28,$151.28,Misc,Discover,Savings,$0.00,$3627.87
Brave,6/23/19,$1.00,$4.32,Entertainment,Cash,Gift Card,-$3.32,$3624.55
Aldi’s,6/24/19,,$24.12,Groceries,,Checking,-$24.12,$3600.43
Mos Dinner,6/27/19,$9.00,$9.02,Food,Checking,Checking,-$0.02,$3600.41
Taylor Paycheck,6/28/19,$804.30,,Work,Savings,,$804.30,$4404.71
Apple Subscription,7/3/19,,$5.40,Entertainment,,Gift Card,-$5.40,$4399.31
Dairy Queen Lunch,7/7/19,$5.00,$5.47,Food,Checking,Discover,-$0.47,$4398.84
Taco Bell Dinner,7/7/19,$5.00,$6.49,Food,Checking,Discover,-$1.49,$4397.35
Drive Wichita —> Taylor,7/7/19,$25.00,$25.00,Travel,Checking,Checking,$0.00,$4397.35
Spider-man Far from Home Ticket,7/9/19,,$6.49,Entertainment,,Discover,-$6.49,$4390.86
Interest,7/10/19,$5.89,,Interest ,Savings,,$5.89,$4396.75
Taylor Paycheck,7/12/19,$193.75,,Work,Savings,,$193.75,$4590.50
Groceries from Walmart,7/13/19,$127.77,$230.63,Groceries,Savings,Discover,-$102.86,$4487.64
Transfer,7/13/19,$347.76,$347.75,Misc,Savings,Checking,$0.01,$4487.65
Goodwill,7/13/19,,$9.61,Clothes,,Discover,-$9.61,$4478.04
Multimeter Flea Market,7/13/19,,$6.42,Tech,,Discover,-$6.42,$4471.62
Screen Protector & Charging Cables,7/14/19,,$17.09,Tech,,Discover,-$17.09,$4454.53
Backpack,7/14/19,,$21.25,Education,,Discover,-$21.25,$4433.28
Discover Payment,7/16/19,$62.33,$62.33,Misc,Discover,Savings,$0.00,$4433.28
Taylor Paycheck,7/26/19,$804.30,,Work,Savings,,$804.30,$5237.58
Walmart Groceries,7/26/19,$6.39,$17.82,Groceries,Checking,Discover,-$11.43,$5226.15
Steak-n-shake Dinner,7/27/19,,$9.61,Food,,Discover,-$9.61,$5216.54
Dollarsmart,8/2/19,$8.39,$17.09,Groceries,Checking,Discover,-$8.70,$5207.84
Apple Subscriptions,8/3/19,,$6.39,Entertainment,,Gift Card,-$6.39,$5201.45
Dollarsmart,8/7/19,$17.83,$24.02,Groceries,Checking,Discover,-$6.19,$5195.26
Taylor Paycheck,8/9/19,$560.08,,Work,Savings,,$560.08,$5755.34
Interest,8/10/19,$6.59,,Interest ,Savings,,$6.59,$5761.93
Lunch @ DC,8/13/19,,$13.80,Food,,Discover,-$13.80,$5748.13
Discover Payment,8/15/19,$265.11,$265.11,Misc,Discover,Savings,$0.00,$5748.13
Card Holder,8/16/19,,$14.97,Clothes,,Apple Card,-$14.97,$5733.16
USB Microphone,8/17/19,,$5.68,Tech,,Apple Card,-$5.68,$5727.48
256GB Micro SD Card,8/17/19,,$26.42,Tech,,Discover,-$26.42,$5701.06
Dollarsmart,8/17/19,$21.44,$47.72,Groceries,Checking,Apple Card,-$26.28,$5674.78
Transfer,8/17/19,$135.22,$135.22,Misc,Savings,Checking,$0.00,$5674.78
Taylor Paycheck,8/18/19,$621.80,,Work,Savings,,$621.80,$6296.58
Physics Textbook,8/19/19,,$36.36,Textbook,,Apple Card,-$36.36,$6260.22
Calculus III Textbook,8/19/19,,$12.84,Textbook,,Apple Card,-$12.84,$6247.38
DSA Textbook,8/19/19,$31.17,$62.34,Textbook,Checking,Discover,-$31.17,$6216.21
"Calc III, Physics Workbooks",8/19/19,,$26.73,Textbook,,Apple Card,-$26.73,$6189.48
Taylor Fall19 Bill,8/20/19,,$1799.00,Direct College,,Savings,-$1799.00,$4390.48
Wendy’s,8/23/19,,$2.13,Food,,Apple Card,-$2.13,$4388.35
Pearson Physics Access Code,8/26/19,,$75.76,Textbook,,Discover,-$75.76,$4312.59
iHop Trip,8/29/19,,$32.03,Food,,Apple Card,-$32.03,$4280.56
Floor Dinner,8/30/19,,$5.00,Food,,Checking,-$5.00,$4275.56
iTunes from discover rewards,8/30/19,$50.00,,Rewards,Gift Card,,$50.00,$4325.56
Floor Dues,8/31/19,,$40.00,Fees,,Cash,-$40.00,$4285.56
Bike,8/31/19,,$25.00,Transportation,,Checking,-$25.00,$4260.56
Bike,8/31/19,$5.00,$5.00,Misc,Checking,Cash,$0.00,$4260.59
Withdrawal,8/31/19,$40.00,$40.00,Misc,Cash,Checking,$0.00,$4260.56
Transfer,8/31/19,$70.03,$70.00,Misc,Checking,Savings,$0.03,$4260.59
Chalk Walk PAD,8/31/19,,$11.24,Food,,Apple Card,-$11.24,$4249.35
Donut Run,9/1/19,,$0.99,Food,,Apple Card,-$0.99,$4248.36
Apple Subscription,9/3/19,,$6.39,Entertainment,,Gift Card,-$6.39,$4254.20
Ultimate Frisbee Fee,9/3/19,,$50.00,Fees,,Checking,-$50.00,$4204.20
Play-dough Ingredients,9/4/19,,$7.14,Education,,Apple Card,-$7.14,$4197.06
Taylor Paycheck,9/6/19,$158.01,,Work,Savings,,$158.01,$4355.07
Interest,9/10/19,$6.91,,Interest ,Savings,,$6.91,$4361.98
Gerig Dinner,9/16/19,,$1.99,Food,,Checking,-$1.99,$4359.99
Discover Payment,9/16/19,$183.02,$183.02,Misc,Discover,Savings,$0.00,$4359.99
Taylor Paycheck,9/20/19,$47.98,,Work,Savings,,$47.98,$4407.97
Transfer,9/23/19,$150.00,$150.00,Misc,Checking,Savings,$0.00,$4407.97
Pay for MuKappa Retreat,10/1/19,,$15.00,Fees,,Cash,-$15.00,$4392.97
Pay for Honors Retreat,10/1/19,,$5.00,Fees,,Cash,-$5.00,$4387.97
Apple Card Payment,10/1/19,$178.46,$178.46,Misc,Apple Card,Savings,$0.00,$4387.97
Apple Subscription,10/3/19,,$6.39,Entertainment,,Gift Card,-$6.39,$4381.58
Taylor Paycheck,10/4/19,$60.98,,Work,Savings,,$60.98,$4442.56
Withdrawal,10/5/19,$60.00,$60.00,Misc,Cash,Checking,$0.00,$4442.56
Interest,10/10/19,$6.78,,Interest ,Savings,,$6.78,$4449.34
Unaccounted $15,10/11/19,,$15.00,Misc,,Cash,-$15.00,$4434.34
SongShift,10/11/19,,$5.40,Tech,,Gift Card,-$5.40,$4428.94
Soccer Fee,10/12/19,,$5.79,Fees,,Apple Card,-$5.79,$4423.15
Dollar Smart Apples,10/13/19,,$7.76,Groceries,,Apple Card,-$7.76,$4415.39
Discover Payment,10/15/19,$102.18,$102.18,Misc,Discover,Savings,$0.00,$4415.39
Amtrak Train Ticket,10/17/19,,$90.00,Travel,,Discover,-$90.00,$4325.39
Taylor Paycheck,10/18/19,$59.94,,Work,Savings,,$59.94,$4385.33
Walmart Poncho Jacket (lost),10/21/19,,$22.96,Clothes,,Discover,-$22.96,$4362.37
Walmart Honors Food and Blanket,10/21/19,,$41.49,Groceries,,Discover,-$41.49,$4320.88
Sci-Fi Concert,10/26/19,,$5.00,Entertainment,,Cash,-$5.00,$4315.88
Apple Card Payment,10/31/19,$19.37,$19.37,Misc,Apple Card,Savings,$0.00,$4315.88
Rice Pilaf,11/1/19,,$2.00,Entertainment,,Cash,-$2.00,$4313.88
Taylor Paycheck,11/1/19,$116.31,,Work,Savings,,$116.31,$4430.19
MyGen,11/2/19,,$5.00,Entertainment,,Cash,-$5.00,$4425.19
Subway,11/2/19,,$8.34,Food,,Apple Card,-$8.34,$4416.85
Goodwill,11/2/19,,$18.24,Clothes,,Apple Card,-$18.24,$4398.61
Walmart Jacket,11/2/19,,$21.36,Clothes,,Discover,-$21.36,$4377.25
Apple Subscription,11/3/19,,$6.39,Entertainment,,Gift Card,-$6.39,$4370.86
Ultimate Tournament Pizza Hut,11/9/19,$21.00,$28.32,Food,Checking,Discover,-$7.32,$4363.54
Pizza Hut,11/9/19,$7.00,$7.00,Misc,Cash,Checking,$0.00,$4363.54
Subway,11/9/19,,$4.00,Food,,Checking,-$4.00,$4359.54
Interest,11/10/19,$6.42,,Interest ,Savings,,$6.42,$4365.96
Ultimate Tournament Gas,11/10/19,,$6.99,Travel,,Checking,-$6.99,$4358.97
Lego Movie 2,11/10/19,,$16.23,Entertainment,,Gift Card,-$16.23,$4342.74
Taylor Paycheck,11/15/19,$78.64,,Work,Savings,,$78.64,$4421.38
Discover Payment,11/18/19,$90.00,$90.00,Misc,Discover,Savings,$0.00,$4421.38
Kendra feeling in debt,11/20/19,$5.00,,Gift,Cash,,$5.00,$4426.38
Precept Paycheck,11/22/19,$325.00,,Work,Savings,,$325.00,$4751.38
Frozen 2,11/22/19,,$12.98,Entertainment,,Apple Card,-$12.98,$4738.40
Ed/Becky Appreciation,11/23/19,,$5.00,Gift,,Cash,-$5.00,$4733.40
Gerig Thanksgiving,11/24/19,,$5.00,Food,,Cash,-$5.00,$4728.40
Urban Light,11/24/19,,$2.00,Tithe (Legal),,Cash,-$2.00,$4726.40
Amtrak Train Ticket,11/25/19,,$145.00,Travel,,Apple Card,-$145.00,$4581.40
Thanksgiving Gas,11/26/19,,$12.00,Travel,,Checking,-$12.00,$4569.40
Taylor Paycheck,11/29/19,$88.13,,Work,Savings,,$88.13,$4657.53
Amazon Electronics,12/1/19,,$28.13,Tech,,Discover,-$28.13,$4629.40
Apple Card Payment,12/2/19,$13.55,$13.55,Misc,Apple Card,Savings,$0.00,$4629.40
Apple Subscription,12/3/19,,$6.39,Entertainment,,Gift Card,-$6.39,$4623.01
Dollarsmart,12/5/19,,$3.99,Groceries,,Apple Card,-$3.99,$4619.02
Indian Restaurant,12/8/19,,$14.89,Food,,Apple Card,-$14.89,$4604.13
Interest,12/10/19,$6.32,,Interest ,Savings,,$6.32,$4610.45
Birthday Money from Gma Campbell,12/11/19,$20.01,,Gift,Checking,,$20.01,$4630.46
Toy Story 4,12/11/19,,$5.30,Entertainment,,Discover,-$5.30,$4625.16
Dollarsmart ,12/11/19,,$2.35,Groceries,,Discover,-$2.35,$4622.81
Dollar General Christmas Gifts,12/11/19,,$19.26,Gift,,Discover,-$19.26,$4603.55
Taylor Paycheck,12/13/19,$52.43,,Work,Savings,,$52.43,$4655.98
Disney+,12/13/19,,$7.57,Entertainment,,Apple Card,-$7.57,$4648.41
Bloomington Gas Money,12/14/19,,$20.00,Travel,,Cash,-$20.00,$4628.41
Discover Payment,12/16/19,$114.13,$114.13,Misc,Discover,Savings,$0.00,$4628.41
Walmart Frame,12/16/19,,$16.06,Gift,,Discover,-$16.06,$4612.35
Walmart Picture,12/16/19,,$5.13,Gift,,Discover,-$5.13,$4607.22
Canes Fried Chicken,12/16/19,,$6.64,Food,,Discover,-$6.64,$4600.58
Hobby Lobby,12/16/19,,$14.51,Groceries,,Discover,-$14.51,$4586.07
Orange 2 Shirt,12/20/19,,$10.00,Clothes,,Checking,-$10.00,$4576.07
Bed Moving,12/20/19,$10.00,,Work,Cash,,$10.00,$4586.07
Walmart Pictures,12/21/19,,$12.45,Groceries,,Discover,-$12.45,$4573.62
Walmart Christmas Gifts,12/21/19,,$45.54,Groceries,,Discover,-$45.54,$4528.08
Star Wars Ticket,12/29/19,,$1.50,Entertainment,,Apple Card,-$1.50,$4526.58
Taylor Spring20 Bill,1/1/20,,$1102.02,Direct College,,Savings,-$1102.02,$3424.56
Apple Card Payment,1/2/20,$184.56,$184.56,Misc,Apple Card,Savings,$0.00,$3424.56
Whataburger,1/3/20,,$13.99,Food,,Checking,-$13.99,$3410.57
Apple Subscription,1/3/20,,$6.39,Entertainment,,Gift Card,-$6.39,$3404.18
Historic Textbooks,1/5/20,,$20.55,Textbook,,Discover,-$20.55,$3383.63
Chronicles of Narnia,1/6/20,,$32.46,Textbook,,Discover,-$32.46,$3351.17
Historic Coursepack,1/7/20,,$33.88,Textbook,,TU Account,-$33.88,$3317.29
Interest,1/10/20,$5.18,,Interest ,Savings,,$5.18,$3322.47
Preceptorial Ivanhoes,1/12/20,,$5.94,Food,,Discover,-$5.94,$3316.53
Volleyball IMLeagues,1/12/20,,$5.79,Fees,,Apple Card,-$5.79,$3310.74
Discover Payment,1/15/20,$97.38,$97.38,Misc,Discover,Savings,$0.00,$3310.74
Christmas Money from Campbels,1/23/20,$50.00,,Gift,Savings,,$50.00,$3360.74
Christmas Money from Mcennas,1/23/20,$50.00,,Gift,Savings,,$50.00,$3410.74
Taylor Paycheck,1/24/20,$36.00,,Work,Savings,,$36.00,$3446.74
Archery PAD,1/25/20,,$20.00,Entertainment,,Discover,-$20.00,$3426.74
Market,1/25/20,,$2.25,Groceries,,Apple Card,-$2.25,$3424.49
USB Battery,1/31/20,,$16.68,Tech,,Discover,-$16.68,$3407.81
AI Textbook,1/31/20,,$12.39,Textbook,,Discover,-$12.39,$3395.42
Coffee Mug,1/31/20,,$11.99,Gift,,Discover,-$11.99,$3383.43
Transfer Savings —> Checking,1/31/20,$30.00,$30.00,Misc,Checking,Savings,$0.00,$3383.43
Alexander’s Icecream,2/1/20,,$6.31,Food,,Discover,-$6.31,$3377.12
Lasertag,2/1/20,,$16.00,Entertainment,,Apple Card,-$16.00,$3361.12
Datacom Textbook,2/2/20,,$37.43,Textbook,,Discover,-$37.43,$3323.69
Apple Card Payment,2/2/20,$27.95,$27.95,Misc,Apple Card,Savings,$0.00,$3323.69
Apple Subscription,2/3/20,,$4.64,Entertainment,,Gift Card,-$4.64,$3319.05
Ethics of Big Data,2/3/20,,$10.81,Textbook,,Discover,-$10.81,$3308.24
Data Science & Big Data,2/3/20,,$42.42,Textbook,,Discover,-$42.42,$3265.82
Apple Subscription,2/3/20,,$1.75,Entertainment,,Discover,-$1.75,$3264.07
Vocation of the Christian Scholar,2/4/20,,$17.31,Textbook,,Discover,-$17.31,$3246.76
ICS Textbook,2/5/20,,$21.34,Textbook,,Discover,-$21.34,$3225.42
Ultimate Membership,2/10/20,,$64.00,Fees,,Apple Card,-$64.00,$3161.42
Tax Refund,2/10/20,$203.00,$150.00,Work,Checking,Checking,$53.00,$3214.42
Interest,2/10/20,$2.00,,Interest ,Savings,,$2.00,$3216.42
Intro AI Graphic Guid Textbook,2/13/20,,$5.19,Textbook,,Discover,-$5.19,$3211.23
Discover Payment,2/15/20,$116.94,$116.94,Misc,Discover,Savings,$0.00,$3211.23
Knives Out,2/15/20,,$2.00,Entertainment,,Cash,-$2.00,$3209.23
Taylor Paycheck,2/21/20,$36.40,,Work,Savings,,$36.40,$3245.63
Nostalgia Night,2/27/20,,$5.00,Entertainment,,Cash,-$5.00,$3240.63
Italian Lunch,2/28/20,,$8.00,Food,,Cash,-$8.00,$3232.63
Diverse Lit Textbook (Shared with Madison),2/28/20,,$45.00,Textbook,,Cash,-$45.00,$3187.63
Apple Card Payment,2/29/20,$8.04,$8.04,Misc,Apple Card,Savings,$0.00,$3187.63
Apple Subscription,3/3/20,,$6.39,Entertainment,,Apple Card,-$6.39,$3181.24
Ticket Exchange,3/4/20,$7.00,$7.00,Misc,Cash,Checking,$0.00,$3181.24
Gillian’s Plant,3/4/20,,$4.00,Gift,,Cash,-$4.00,$3177.24
Enemy of the People,3/6/20,$7.00,$14.00,Entertainment,Gift Card,Apple Card,-$7.00,$3170.24
Taylor Paycheck,3/6/20,$36.40,,Work,Savings,,$36.40,$3206.64
Birthday Card/Eggs,3/7/20,,$2.11,Food,,Apple Card,-$2.11,$3204.53
Walmart Groceries,3/7/20,,$19.54,Groceries,,Apple Card,-$19.54,$3184.99
Taco Bell,3/7/20,,$1.27,Food,,Apple Card,-$1.27,$3183.72
Airband Costumes,3/8/20,,$9.97,Clothes,,Checking,-$9.97,$3173.75
Interest,3/10/20,$1.74,,Interest ,Savings,,$1.74,$3175.49
Discover Payment,3/15/20,$203.62,$203.62,Misc,Discover,Savings,$0.00,$3175.49
Backpacking Supplies,3/18/20,,$31.91,Food,,Discover,-$31.91,$3143.58
Spring Break Gas Down,3/19/20,$20.63,$20.63,Travel,Savings,Apple Card,$0.00,$3143.58
Taylor Paycheck,3/20/20,$38.67,,Work,Savings,,$38.67,$3182.25
American Ticket Cincinnati —> DFW,3/21/20,$34.40,$34.40,Travel,Savings,Discover,$0.00,$3182.25
American Checked Baggage,3/24/20,$30.00,$30.00,Travel,Savings,Discover,$0.00,$3182.25
Wendy’s Lunch,3/24/20,,$5.00,Food,,Checking,-$5.00,$3177.25
Spring Break Gas Up,3/24/20,$17.16,$17.16,Travel,Savings,Discover,$0.00,$3177.25
Touchnet Transfer,3/25/20,$33.88,$33.88,Misc,TU Account,Checking,$0.00,$3177.25
Apple Card Daily Cash,3/25/20,$7.27,,Rewards,Gift Card,,$7.27,$3184.52
Discover Rewards,3/25/20,$50.00,,Rewards,Gift Card,,$50.00,$3234.52
$36 I forgot I got,3/25/20,$36.00,,Gift,Cash,,$36.00,$3270.52
iCloud Subscription,3/28/20,,$0.99,Entertainment,,Apple Card,-$0.99,$3269.53
Apple Card Payment,4/1/20,$80.99,$80.99,Misc,Apple Card,Savings,$0.00,$3269.53
Splendor,4/1/20,,$2.15,Entertainment,,Apple Card,-$2.15,$3267.38
Amazon Kinde,4/2/20,,$9.37,Textbook,,Discover,-$9.37,$3258.01
Macbook Air,4/3/20,,$1081.42,Ed Tech,,Apple Card,-$1081.42,$2176.59
Apple Store Gift card On macbook Air,4/3/20,$50.00,$50.00,Ed Tech,Apple Card,Gift Card,$0.00,$2176.59
Apple Music Subscription,4/3/20,,$5.40,Entertainment,,Gift Card,-$5.40,$2171.19
Watch Unbroken,4/4/20,,$4.00,Entertainment,,Gift Card,-$4.00,$2167.19
Toilet Paper Brookshire’s,4/6/20,,$10.81,Groceries,,Apple Card,-$10.81,$2156.38
Interest,4/10/20,$1.86,,Interest ,Savings,,$1.86,$2158.24
Samsung 512 GB SSD,4/14/20,,$140.71,Tech,,Discover,-$140.71,$2017.53
Discover Payment,4/15/20,$31.91,$31.91,Misc,Discover,Savings,$0.00,$2017.53
Taylor Paycheck,4/17/20,$83.78,,Work,Savings,,$83.78,$2101.31
Backpack Cover,4/20/20,,$7.98,Clothes,,Checking,-$7.98,$2093.33
Apple Card Payment,4/30/20,$63.94,$63.94,Misc,Apple Card,Savings,$0.00,$2093.33
Game Purchases,4/30/20,,$1.07,Entertainment,,Gift Card,-$1.07,$2092.26
Hammock,5/1/20,,$19.47,Toys,,Discover,-$19.47,$2072.79
USB C Dongle,5/1/20,,$19.47,Tech,,Discover,-$19.47,$2053.32
Taylor Paycheck,5/1/20,$36.40,,Work,Savings,,$36.40,$2089.72
Apple Subscription,5/3/20,,$6.39,Entertainment,,Gift Card,-$6.39,$2083.33
Apple Card Rewards,5/9/20,$34.75,,Rewards,Gift Card,,$34.75,$2118.08
Discover Good Grades Reward,5/10/20,$20.00,,Grant,Discover,,$20.00,$2138.08
Interest,5/10/20,$3.77,,Interest ,Savings,,$3.77,$2141.85
American DFW —> CIN,5/15/20,$178.10,$178.10,Travel,Savings,Discover,$0.00,$2141.85
CARES Act Reimbursement for travel ($300),5/15/20,$19.71,,Grant,Savings,,$19.71,$2161.56
Taylor Paycheck,5/15/20,$36.40,,Work,Savings,,$36.40,$2197.96
Discover Payment,5/15/20,$231.64,$231.64,Misc,Discover,Savings,$0.00,$2197.96
Posados Mexican Lunch w/ Daniel & Gavin,5/22/20,$9.73,$19.47,Food,Checking,Discover,-$9.74,$2188.22
Walmart Groceries 1,5/22/20,$77.80,$165.55,Groceries,Checking,Discover,-$87.75,$2100.47
Ryan’s Cash,5/22/20,$40.00,$40.00,Misc,Cash,Checking,$0.00,$2100.47
Shoes & Socks from Academy Sports,5/22/20,,$93.06,Clothes,,Apple Card,-$93.06,$2007.41
Goodwill Clothes,5/24/20,,$23.00,Clothes,,Discover,-$23.00,$1984.41
Apple Card Payment,5/30/20,$1044.38,$1044.38,Misc,Apple Card,Savings,$0.00,$1984.41
Apple Subscription,6/3/20,,$6.39,Entertainment,,Gift Card,-$6.39,$1978.02
Summer Housing,6/3/20,$60.00,$480.00,Housing,TU Account,Savings,-$420.00,$1558.02
$100 payment to Taylor,6/3/20,$100.00,$100.00,Misc,TU Account,Checking,$0.00,$1558.02
Prepaid College,6/3/20,$160.00,$160.00,Misc,Savings,TU Account,$0.00,$1558.02
Goodwill Clothes,6/6/20,,$21.00,Clothes,,Discover,-$21.00,$1537.02
Walmart Bike Stuff,6/6/20,,$26.62,Transportation,,Discover,-$26.62,$1510.40
Taco Bell Dinner,6/7/20,,$7.48,Food,,Discover,-$7.48,$1502.92
Walmart Twins 2,6/7/20,$3.00,$23.31,Groceries,Cash,Discover,-$20.31,$1482.61
Walmart Shared 2,6/9/20,,$44.98,Groceries,,Checking,-$44.98,$1437.63
Interest,6/10/20,$2.90,,Interest ,Savings,,$2.90,$1440.53
Apple Card Rewards,6/11/20,$1.86,,Rewards,Gift Card,,$1.86,$1442.39
Taylor Paycheck,6/12/20,$903.75,,Work,Savings,,$903.75,$2346.14
Banana Bread Stuff,6/14/20,$2.00,$11.45,Groceries,Checking,Apple Card,-$9.45,$2336.69
Discover Payment,6/15/20,$167.04,$167.04,Misc,Discover,Savings,$0.00,$2336.69
Transfer,6/21/20,$200.00,$200.00,Misc,Checking,Savings,$0.00,$2336.69
Walmart Shared 3,6/21/20,,$50.00,Groceries,,Checking,-$50.00,$2286.69
American DFW —> IND,6/23/20,,$98.10,Travel,,Discover,-$98.10,$2188.59
CARES Check,6/24/20,$300.00,,Grant,Savings,,$300.00,$2488.59
Taylor Paycheck,6/26/20,$1395.62,,Work,Savings,,$1395.62,$3884.21
Flour for Cookies,6/28/20,,$5.08,Groceries,,Apple Card,-$5.08,$3879.13
Apple Card Payment,7/1/20,$93.06,$93.06,Misc,Apple Card,Savings,$0.00,$3879.13
Apple Subscription,7/3/20,,$6.39,Entertainment,,Gift Card,-$6.39,$3872.74
Walmart Shared 4,7/7/20,,$36.00,Groceries,,Checking,-$36.00,$3836.74
Dr. Brandle Spicy Sauce,7/7/20,,$5.00,Gift,,Checking,-$5.00,$3831.74
Taylor Paycheck,7/10/20,$1423.38,,Work,Savings,,$1423.38,$5255.12
Interest,7/10/20,$2.80,,Interest ,Savings,,$2.80,$5257.92
Boating Gas,7/11/20,,$10.00,Entertainment,,Checking,-$10.00,$5247.92
Ice Cream,7/11/20,,$4.99,Food,,Checking,-$4.99,$5242.93
Discover Payment,7/15/20,$316.43,$316.43,Misc,Discover,Savings,$0.00,$5242.93
Masks and Innertube,7/18/20,,$26.89,Groceries,,Discover,-$26.89,$5216.04
Walmart Shared 5,7/18/20,,$14.50,Groceries,,Checking,-$14.50,$5201.54
Ivanhoes Venmo,7/20/20,,$7.50,Food,,Checking,-$7.50,$5194.04
Apple TV Ebay,7/22/20,,$117.70,Tech,,Discover,-$117.70,$5076.34
Daniel’s Wedding Gift,7/22/20,,$25.00,Gift,,Checking,-$25.00,$5051.34
Mexican Dinner,7/23/20,$9.00,$17.21,Food,Gift Card,Discover,-$8.21,$5043.13
Jason’s Deli,7/23/20,,$8.65,Food,,Discover,-$8.65,$5034.48
JC Penny Dress Shoes,7/23/20,,$70.35,Clothes,,Discover,-$70.35,$4964.13
Taylor Paycheck,7/24/20,$1409.50,,Work,Savings,,$1409.50,$6373.63
Gas Taylor —> Texas,7/25/20,,$20.00,Travel,,Gift Card,-$20.00,$6353.63
Culvers-Ice Cream,7/27/20,,$2.00,Food,,Checking,-$2.00,$6351.63
Walmart Trip 5,8/1/20,$105.00,$144.17,Groceries,Checking,Discover,-$39.17,$6312.46
Paid via apple pay,8/1/20,$30.00,$30.00,Misc,Gift Card,Checking,$0.00,$6312.46
Drive in Movie,8/1/20,,$5.00,Entertainment,,Checking,-$5.00,$6307.46
Apple Card Payment,8/3/20,$16.53,$16.53,Misc,Apple Card,Savings,$0.00,$6307.46
Apple Subscription,8/3/20,,$6.39,Entertainment,,Gift Card,-$6.39,$6301.07
5 Unaccounted For Extra Dollars,8/5/20,$5.73,,Misc,Gift Card,,$5.73,$6306.80
Taylor Paycheck,8/7/20,$650.24,,Work,Savings,,$650.24,$6957.04
Bike Inner Tubes,8/8/20,,$10.00,Transportation,,Checking,-$10.00,$6947.04
Subway Lunch,8/9/20,,$3.74,Food,,Checking,-$3.74,$6943.30
Interest,8/10/20,$4.95,,Interest ,Savings,,$4.95,$6948.25
Taylor Paycheck,8/14/20,$1423.38,,Work,Savings,,$1423.38,$8371.63
Direct College Fall 2020,8/16/20,,$448.00,Direct College,,Savings,-$448.00,$7923.63
Computer Security Textbook,8/16/20,$8.90,$17.80,Textbook,Checking,Discover,-$8.90,$7914.73
Ultimate Frisbee Gloves,8/16/20,,$26.74,Clothes,,Discover,-$26.74,$7887.99
Soundcore Speaker,8/16/20,,$46.00,Tech,,Discover,-$46.00,$7841.99
Essential Oils,8/16/20,,$10.69,Cosmetics,,Discover,-$10.69,$7831.30
Software Engineering Textbook,8/16/20,,$39.54,Textbook,,Discover,-$39.54,$7791.76
Discover Payment,8/17/20,$98.10,$98.10,Misc,Discover,Savings,$0.00,$7791.76
FOSO Floor Dues,8/17/20,,$20.00,Fees,,Checking,-$20.00,$7771.76
FOSO Pizza,8/22/20,,$5.00,Food,,Checking,-$5.00,$7766.76
Walmart: Fridge & Lunch,8/22/20,$45.00,$127.11,Groceries,Checking,Discover,-$82.11,$7684.65
Church Gas,8/23/20,,$6.00,Travel,,Checking,-$6.00,$7678.65
MOB And Game,8/23/20,,$86.68,M,,Discover,-$86.68,$7591.97
Tenant Drive In Movie (double date),8/26/20,,$10.00,M,,Checking,-$10.00,$7581.97
Subway,8/27/20,,$16.55,M,,Apple Card,-$16.55,$7565.42
Walmart: Grace Care Package,8/30/20,,$35.32,Gift,,Discover,-$35.32,$7530.10
Apple Subscription,9/3/20,,$6.39,Entertainment,,Gift Card,-$6.39,$7523.71
Taylor Paycheck,9/4/20,$115.33,,Work,Savings,,$115.33,$7639.04
FOSO Sticker,9/5/20,,$1.00,Fees,,Cash,-$1.00,$7638.04
CCSC Conference,9/10/20,,$20.00,Textbook,,Discover,-$20.00,$7618.04
Interest,9/10/20,$5.29,,Interest ,Savings,,$5.29,$7623.33
Godspell (req Arts & Ideas),9/12/20,,$10.00,Textbook,,Discover,-$10.00,$7613.33
Ultimate Frisbee Fee,9/14/20,,$25.00,Fees,,Checking,-$25.00,$7588.33
First Date: Walnut Creek,9/15/20,,$6.48,M,,Apple Card,-$6.48,$7581.85
Discover Payment,9/16/20,$525.74,$525.74,Misc,Discover,Savings,$0.00,$7581.85
Meijer Snacks,9/19/20,,$7.81,Groceries,,Apple Card,-$7.81,$7574.04
Tenet Movie,9/19/20,,$8.78,Entertainment,,Apple Card,-$8.78,$7565.26
Urban Light Tithe,9/26/20,,$20.00,Tithe (Legal),,Discover,-$20.00,$7545.26
Stickers,10/1/20,,$6.99,Office Supplies,,Checking,-$6.99,$7538.27
American Opportunity Credit,10/2/20,$1016.75,,Grant,Savings,,$1016.75,$8555.02
Camping Trip Food,10/2/20,$11.00,$16.61,Groceries,Checking,Gift Card,-$5.61,$8549.41
 Cash Rewards,10/2/20,$0.80,,Rewards,Gift Card,,$0.80,$8550.21
Apple Subscription,10/3/20,,$6.39,Entertainment,,Gift Card,-$6.39,$8543.82
Interest,10/10/20,$4.47,,Interest ,Savings,,$4.47,$8548.29
Teacup,10/12/20,$5.15,$10.99,M,Discover,Discover,-$5.84,$8542.45
Double Hammock,10/12/20,,$22.99,M,,Discover,-$22.99,$8519.46
Masks,10/12/20,,$19.98,Clothes,,Discover,-$19.98,$8499.48
Arts & Ideas Craft Supplies,10/15/20,,$1.50,Fees,,Checking,-$1.50,$8497.98
Discover Payment,10/16/20,$279.11,$279.11,Misc,Discover,Savings,$0.00,$8497.98
Meijer Doughnut,10/18/20,,$0.71,Food,,Gift Card,-$0.71,$8497.27
FOSO Nerf Hungergames PAD,10/22/20,,$15.00,Entertainment,,Checking,-$15.00,$8482.27
AA Flight South Bend —> Witchita,10/22/20,,$124.20,Travel,,Discover,-$124.20,$8358.07
Mygen Ticket,10/22/20,,$5.87,Entertainment,,Discover,-$5.87,$8352.20
Urban Light Tithe,10/26/20,,$20.00,Tithe (Legal),,Discover,-$20.00,$8332.20
Apple Card Payment,11/2/20,$39.62,$39.62,Misc,Apple Card,Savings,$0.00,$8332.20
Apple Subscription,11/2/20,,$1.20,Entertainment,,Apple Card,-$1.20,$8331.00
Apple Subscription,11/3/20,,$5.19,Entertainment,,Gift Card,-$5.19,$8325.81
Mosaic Night,11/6/20,,$6.94,Entertainment,,Discover,-$6.94,$8318.87
Hungergames PAD Shirt,11/7/20,,$6.99,M,,Checking,-$6.99,$8311.88
Unknown iTunes Difference,11/7/20,,$5.40,Misc,,Gift Card,-$5.40,$8306.48
Interest,11/10/20,$4.25,,Interest ,Savings,,$4.25,$8310.73
The Little Prince Tickets,11/12/20,,$13.99,Fees,,Checking,-$13.99,$8296.74
Fancy Dinner Date Baker Street Steakhouse,11/13/20,,$96.25,M,,Discover,-$96.25,$8200.49
Ed/Becky Appreciation,11/13/20,,$3.00,Gift,,Checking,-$3.00,$8197.49
Goodwill Shoes,11/14/20,,$5.34,Clothes,,Apple Card,-$5.34,$8192.15
Discover Payment,11/15/20,$68.81,$68.81,Misc,Discover,Savings,$0.00,$8192.15
Gerig Thanksgiving,11/15/20,,$3.00,Food,,Checking,-$3.00,$8189.15
Urban Light Tithe,11/26/20,,$20.00,Tithe (Legal),,Discover,-$20.00,$8169.15
South Bend Chocolate Factory,11/27/20,,$6.77,M,,Apple Card,-$6.77,$8162.38
Apple Subscription,11/28/20,,$0.99,Entertainment,,Apple Card,-$0.99,$8161.39
 Cash Rewards,12/1/20,$49.97,$49.69,Rewards, Cash,Gift Card,$0.28,$8161.67
Burger King Breakfast,12/3/20,,$5.34,Food,,Discover,-$5.34,$8156.33
AA Flight South Bend —> Witchita (extension),12/3/20,,$38.40,Travel,,Discover,-$38.40,$8117.93
Apple Subscription,12/4/20,,$5.40,Entertainment,,Discover,-$5.40,$8112.53
Panda Express Lunch,12/6/20,,$11.00,Food,,Discover,-$11.00,$8101.53
Interest,12/10/20,$4.05,,Interest ,Savings,,$4.05,$8105.58
B-day from Swansons,12/11/20,$40.00,,Gift,Cash,,$40.00,$8145.58
Taco Salad Lunch,12/12/20,,$10.27,Food,,Checking,-$10.27,$8135.31
Walmart PJs & Groceries,12/13/20,,$44.68,Groceries,,Discover,-$44.68,$8090.63
2008 Ford Focus,12/14/20,,$1500.00,Transportation,,Savings,-$1500.00,$6590.63
B-day from Campbells,12/14/20,$21.00,,Gift,Checking,,$21.00,$6611.63
Amazon: Christmas/B-Day Gifts,12/15/20,,$19.19,Gift,,Discover,-$19.19,$6592.44
DFW Entrance,12/15/20,,$2.00,Travel,,Discover,-$2.00,$6590.44
Bertha Gas,12/15/20,,$33.78,Travel,,Discover,-$33.78,$6556.66
Discover Payment,12/16/20,$253.26,$253.26,Misc,Discover,Savings,$0.00,$6556.66
LinkedIn Learning,12/17/20,,$27.05,Education,,Discover,-$27.05,$6529.61
Amazon: Christmas Gifts (pending),12/18/20,$9.00,$132.02,Gift,Checking,Discover,-$123.02,$6406.59
Liberty Mutual Car Insurance,12/21/20,,$45.16,Transportation,,Checking,-$45.16,$6361.43
LOTR & Hobbit Movies for Liz,12/23/20,,$42.02,Gift,,Discover,-$42.02,$6319.41
Car registration fee,12/23/20,,$127.87,Transportation,,Discover,-$127.87,$6191.54
Amazon Gift Card from McKennas,12/25/20,$50.00,,Gift,Gift Card,,$50.00,$6241.54
Urban Light Tithe,12/26/20,,$20.00,Tithe (Legal),,Discover,-$20.00,$6221.54
Walmart Car Tools,12/27/20,,$84.93,Transportation,,Discover,-$84.93,$6136.61
Safari Darkmode Extension,12/27/20,,$3.24,Tech,,Discover,-$3.24,$6133.37
Walmart Trip Food,12/28/20,,$4.60,Food,,Checking,-$4.60,$6128.77
Christmas Money from Campbels,12/28/20,$50.00,,Gift,Checking,,$50.00,$6178.77
Ford Focus Break Work,12/28/20,,$1075.33,Transportation,,Savings,-$1075.33,$5103.44
Apple Subscription,12/29/20,,$6.39,Entertainment,,Discover,-$6.39,$5097.05
Neurolense Glasses,12/29/20,,$646.00,Health,,Discover,-$646.00,$4451.05
Gas Van,12/30/20,,$16.73,Transportation,,Apple Card,-$16.73,$4434.32
Gas Van —> Wichita,12/30/20,,$20.85,Travel,,Discover,-$20.85,$4413.47
Apple Card Payment,12/31/20,$14.30,$14.30,Misc,Apple Card,Savings,$0.00,$4413.47
J-Term Housing,1/1/21,,$1181.00,Housing,,Savings,-$1181.00,$3232.47
Insurance auto Transfer,1/1/21,$46.17,$46.17,Misc,Checking,Savings,$0.00,$3232.47
Direct College J-Term/Spring 2021,1/2/21,,$444.00,Direct College,,Savings,-$444.00,$2788.47
Kansas Gas,1/3/21,$10.00,$15.85,Travel,Checking,Discover,-$5.85,$2782.62
Illinois Gas,1/3/21,,$23.31,Travel,,Discover,-$23.31,$2759.31
Interest,1/10/21,$2.64,,Interest ,Savings,,$2.64,$2761.95
Discover Payment,1/19/21,$338.86,$338.86,Misc,Discover,Savings,$0.00,$2761.95
Discover Rewards,1/21/21,$55.00,,Rewards,Gift Card,,$55.00,$2816.95
Taylor Paycheck,1/22/21,$236.51,,Work,Savings,,$236.51,$3053.46
Upland Gas,1/23/21,,$24.29,Transportation,,Discover,-$24.29,$3029.17
Walmart M Gifts,1/25/21,,$30.83,M,,Discover,-$30.83,$2998.34
Amazon M Gifts,1/25/21,,$43.68,M,,Gift Card,-$43.68,$2954.66
Urban Light Tithe,1/26/21,,$20.00,Tithe (Legal),,Discover,-$20.00,$2934.66
Walmart Date,1/28/21,,$5.19,M,,Checking,-$5.19,$2929.47
Apple Subscription,1/28/21,,$6.39,Entertainment,,Discover,-$6.39,$2923.08
Apple Developer Program Enrollment,1/31/21,,$107.17,Education,,Apple Card,-$107.17,$2815.91
Insurance auto Transfer,2/1/21,$46.17,$46.17,Transportation,Checking,Savings,$0.00,$2815.91
Apple Card Payment,2/1/21,$16.73,$16.73,Misc,Apple Card,Savings,$0.00,$2815.91
Amazon Textbooks,2/1/21,$20.00,$80.50,Textbook,Checking,Discover,-$60.50,$2755.41
Amazon Gift Card towards textbook,2/1/21,$6.32,$6.32,Textbook,Discover,Gift Card,$0.00,$2755.41
The Visitor Movie Youtube,2/3/21,,$2.15,M,,Discover,-$2.15,$2753.26
Liberty Mutual Car Insurance,2/4/21,,$49.79,Transportation,,Checking,-$49.79,$2703.47
Taylor Paycheck,2/5/21,$232.95,,Work,Savings,,$232.95,$2936.42
Apple Card Daily Cash,2/6/21,$3.55,,Rewards, Cash,,$3.55,$2939.97
Interest,2/10/21,$1.54,,Interest ,Savings,,$1.54,$2941.51
Haircut by Tessa,2/10/21,,$10.00,Cosmetics,,Checking,-$10.00,$2931.51
ACM Membership,2/12/21,,$42.00,Textbook,,Discover,-$42.00,$2889.51
IEEE Membership,2/12/21,,$32.00,Textbook,,Discover,-$32.00,$2857.51
Nathan B-Day Mexican Lunch,2/14/21,,$26.84,Food,,Discover,-$26.84,$2830.67
Flowers for 5G,2/14/21,,$1.00,Gift,,Checking,-$1.00,$2829.67
Discover Payment,2/15/21,$990.46,$990.46,Misc,Discover,Savings,$0.00,$2829.67
Taylor Aquatic ferret  Fee,2/16/21,,$25.00,Fees,,Checking,-$25.00,$2804.67
Airband Set,2/16/21,,$5.00,Entertainment,,Checking,-$5.00,$2799.67
Dollar General,2/19/21,,$2.46,Food,,Discover,-$2.46,$2797.21
Taylor Paycheck,2/19/21,$24.00,,Work,Savings,,$24.00,$2821.21
Gas,2/19/21,,$27.53,Transportation,,Apple Card,-$27.53,$2793.68
Urban Light Tithe,2/26/21,,$20.00,Tithe (Legal),,Discover,-$20.00,$2773.68
Insurance auto Transfer,3/1/21,$46.18,$46.17,Travel,Checking,Savings,$0.01,$2773.69
Walmart Date & Groceries,3/4/21,,$56.95,M,,Discover,-$56.95,$2716.74
Apple Subscription,3/4/21,,$6.39,Entertainment,,Discover,-$6.39,$2710.35
Liberty Mutual Car Insurance,3/4/21,,$49.80,Transportation,,Checking,-$49.80,$2660.55
South Bend Chocolate Factory,3/7/21,,$6.77,M,,Discover,-$6.77,$2653.78
Meijer Groceries,3/7/21,,$5.73,Groceries,,Apple Card,-$5.73,$2648.05
Interest,3/10/21,$1.15,,Interest ,Savings,,$1.15,$2649.20
Discover Payment,3/15/21,$258.68,$258.68,Misc,Discover,Savings,$0.00,$2649.20
Goodwill Clothes,3/20/21,,$25.00,Clothes,,Discover,-$25.00,$2624.20
Taco Bell,3/20/21,,$12.68,M,,Discover,-$12.68,$2611.52
Stimulus Check 1&2,3/26/21,$1800.00,,Grant,Savings,,$1800.00,$4411.52
2020 Taxes,3/26/21,$564.00,$442.00,Work,Savings,Savings,$122.00,$4533.52
Urban Light Tithe,3/26/21,,$20.00,Tithe (Legal),,Discover,-$20.00,$4513.52
Apple Subscription,3/28/21,,$6.39,Entertainment,,Discover,-$6.39,$4507.13
Apple Card Payment,3/31/21,$134.70,$134.70,Misc,Apple Card,Savings,$0.00,$4507.13
Gas,3/31/21,,$33.74,Transportation,,Apple Card,-$33.74,$4473.39
Insurance auto Transfer,4/1/21,$46.17,$46.17,Misc,Checking,Savings,$0.00,$4473.39
Airband,4/2/21,,$6.94,Entertainment,,Discover,-$6.94,$4466.45
CARES Check,4/6/21,$450.00,,Grant,Savings,,$450.00,$4916.45
Liberty Mutual Car Insurance,4/6/21,$0.01,$49.80,Transportation,Checking,Checking,-$49.79,$4866.66
Stimulus Check 3,4/7/21,$1400.00,,Grant,Savings,,$1400.00,$6266.66
Interest,4/10/21,$1.57,,Interest ,Savings,,$1.57,$6268.23
Discover Payment,4/16/21,$92.57,$92.57,Misc,Discover,Savings,$0.00,$6268.23
Wendy’s,4/18/21,,$3.20,Food,,Apple Card,-$3.20,$6265.03
Gas,4/18/21,,$30.45,Transportation,,Apple Card,-$30.45,$6234.58
Apartment Admin Fees,4/23/21,,$95.00,Housing,,Apartment,-$95.00,$6139.58
Urban Light Tithe,4/26/21,,$20.00,Tithe (Legal),,Discover,-$20.00,$6119.58
Madison Flight COS —> SB,5/1/21,,$118.20,M,,Apple Card,-$118.20,$6001.38
Colorado Apartment,5/1/21,$157.50,$315.00,Housing,Apartment,Savings,-$157.50,$5843.88
IHOP FOSO Fancy PAD,5/1/21,,$31.55,M,,Discover,-$31.55,$5812.33
Gas,5/2/21,,$32.58,Transportation,,Discover,-$32.58,$5779.75
Car Vacume,5/3/21,,$2.00,Transportation,,Discover,-$2.00,$5777.75
Culvers-Ice Cream,5/3/21,,$4.63,M,,Discover,-$4.63,$5773.12
Apple Card Payment,5/3/21,$5.73,$5.73,Misc,Apple Card,Savings,$0.00,$5773.12
Apple Subscription,5/4/21,,$6.39,Entertainment,,Discover,-$6.39,$5766.73
Amazon Car Topper,5/4/21,$75.10,$75.10,Transportation,Checking,Discover,$0.00,$5766.73
"Amazon adapter, sprayer, cable",5/4/21,$0.02,$17.00,Tech,Checking,Discover,-$16.98,$5749.75
Liberty Mutual Car Insurance,5/5/21,,$50.81,Transportation,,Savings,-$50.81,$5698.94
Interest,5/10/21,$2.39,,Interest ,Savings,,$2.39,$5701.33
Gas Taylor —> Wichita,5/15/21,,$24.18,Travel,,Discover,-$24.18,$5677.15
Gas Taylor —> Wichita,5/15/21,$24.90,$31.59,Travel,Checking,Discover,-$6.69,$5670.46
Subway Lunch,5/15/21,,$5.38,Food,,Checking,-$5.38,$5665.08
Discover Payment,5/17/21,$71.01,$71.01,Misc,Discover,Savings,$0.00,$5665.08
Kratos Housing Reimbursement: May,5/18/21,$500.00,,Housing,Savings,,$500.00,$6165.08
Colorado Apartment,5/18/21,$114.01,$228.02,Housing,Apartment,Savings,-$114.01,$6051.07
Daily Cash,5/19/21,$3.22,$0.31,Rewards, Cash,Apple Card,$2.91,$6053.98
Gas WIT-->COS,5/20/21,,$32.58,Travel,,Discover,-$32.58,$6021.40
Walmart: Initial Kitchen Fillup,5/20/21,$48.96,$97.91,Groceries,Apartment,Discover,-$48.96,$5972.45
Walmart: Family Supplies,5/20/21,,$13.86,Groceries,,Discover,-$13.86,$5958.59
Acorns Invest,5/20/21,$5.00,$5.00,Misc,Acorns,Checking,$0.00,$5958.59
May Rent,5/20/21,,$176.51,Housing,,Apartment,-$176.51,$5782.08
Walmart: Toilet Supplies,5/21/21,$7.42,$14.83,Groceries,Apartment,Discover,-$7.42,$5774.67
Liz Gift & Groceries,5/22/21,,$34.72,Groceries,,Discover,-$34.72,$5739.95
"The Arc: Lamp, Desk, Chair",5/23/21,$33.53,$67.05,Furnishing,Apartment,Discover,-$33.53,$5706.42
Goodwill: Shoes & Lamp,5/23/21,,$13.00,Clothes,,Discover,-$13.00,$5693.42
Safeway: Food,5/23/21,$8.23,$16.45,Groceries,Apartment,Discover,-$8.23,$5685.20
Goodwill: Table & Chairs,5/23/21,,$34.50,Furnishing,,Apartment,-$34.50,$5650.70
Sunglasses,5/24/21,,$10.89,Clothes,,Discover,-$10.89,$5639.81
Acorns Transfer,5/24/21,$100.00,$100.00,Misc,Acorns,Checking,$0.00,$5639.81
Movie Date: Food,5/25/21,,$25.95,M,,Discover,-$25.95,$5613.86
COS Gas,5/25/21,,$31.70,Transportation,,Apple Card,-$31.70,$5582.16
Movie Date Tickets,5/25/21,,$15.00,M,,Apple Card,-$15.00,$5567.16
Urban Light Tithe,5/26/21,,$20.00,Tithe (Legal),,Discover,-$20.00,$5547.16
Walmart: Chicken Meals & Cleaning Supplies,5/27/21,$34.50,$69.00,Groceries,Apartment,Discover,-$34.50,$5512.66
Walmart: Paper Towels Sandwich,5/28/21,,$9.87,Groceries,,Apartment,-$9.87,$5502.79
Apple Subscription,5/29/21,,$6.39,Entertainment,,Discover,-$6.39,$5496.40
Portal,5/31/21,$16.22,$16.22,Entertainment,Checking,Discover,$0.00,$5496.40
Apple Card Payment,5/31/21,$154.56,$154.56,Payment,Apple Card,Savings,$0.00,$5496.40
Monthly Transfer,6/1/21,$850.00,$850.00,Misc,Checking,Savings,$0.00,$5496.40
June Rent,6/1/21,,$450.30,Housing,,Apartment,-$450.30,$5046.10
Kratos Housing Reimbursement: Jun,6/1/21,$500.00,,Housing,Savings,,$500.00,$5546.10
West Gerig Icecream,6/2/21,,$4.27,Food,,Discover,-$4.27,$5541.83
Acorns Deposit,6/2/21,$25.00,$25.00,Investments,Acorns,Checking,$0.00,$5541.83
Rent Payment: June,6/2/21,$300.20,$600.40,Housing,Apartment,Checking,-$300.20,$5241.63
Car Insurance,6/4/21,,$50.81,Transportation,,Checking,-$50.81,$5190.82
Bagel Sandwitch,6/5/21,,$7.35,Food,,Discover,-$7.35,$5183.47
C Squad Icecream,6/5/21,,$3.43,Food,,Discover,-$3.43,$5180.04
Goodwill: Toaster,6/6/21,$3.00,$6.00,Groceries,Apartment,Discover,-$3.00,$5177.04
Ivy Food Court: Chicken Tenders,6/6/21,$7.58,$15.15,Food,Apartment,Discover,-$7.58,$5169.47
Goodwill: Dishes,6/6/21,$8.00,$16.00,Groceries,Apartment,Discover,-$8.00,$5161.47
Walmart: Groceries,6/6/21,$60.30,$120.59,Groceries,Apartment,Discover,-$60.30,$5101.17
Walmart: M B-pack,6/6/21,,$24.35,Groceries,,Discover,-$24.35,$5076.82
Postage: M Backpack,6/7/21,,$14.20,M,,Discover,-$14.20,$5062.62
Walmart: Pictures & Air Scent,6/8/21,,$14.43,Groceries,,Discover,-$14.43,$5048.19
COS Gas,6/8/21,$0.02,$24.91,Transportation,Checking,Checking,-$24.89,$5023.30
Interest,6/10/21,$2.16,,Interest ,Savings,,$2.16,$5025.46
Kratos Paycheck,6/11/21,$571.86,,Work,Savings,,$571.86,$5597.32
 Cash Rewards,6/12/21,$0.47,,Rewards, Cash,,$0.47,$5597.79
Madison Fly ORD -> WIT,6/13/21,$40.00,$138.40,M,Checking,Discover,-$98.40,$5499.39
Urban Light Tithe,6/13/21,,$40.00,Tithe (Legal),,Discover,-$40.00,$5459.39
Discover Payment,6/15/21,$245.02,$245.02,Misc,Discover,Savings,$0.00,$5459.39
Walmart butter and half&half,6/15/21,,$2.50,Food,,Apartment,-$2.50,$5456.89
Ally Invest Deposit,6/18/21,$1000.00,$1000.00,Investments,Ally Invest,Savings,$0.00,$5456.89
COS Gas,6/19/21,,$39.77,Transportation,,Discover,-$39.77,$5417.12
Goodwill: Mini Fan,6/20/21,$3.50,$7.00,Groceries,Apartment,Discover,-$3.50,$5413.62
"Walmart: Chicken, Fan, Grocercies",6/20/21,$76.99,$153.98,Groceries,Apartment,Discover,-$76.99,$5336.63
 Watch for M,6/20/21,$6.14,$204.50,M, Cash,Apple Card,-$198.36,$5138.27
iPhone XR,6/20/21,$15.54,$507.46,Tech,Checking,Apple Card,-$491.92,$4646.35
Acorns Subscription,6/21/21,,$1.00,Investments,,Checking,-$1.00,$4645.35
Amazon Prime,6/22/21,,$7.03,Tech,,Discover,-$7.03,$4638.32
"Phone case, wallet, car charger",6/23/21,,$70.51,Tech,,Discover,-$70.51,$4567.81
Apple Cash Transfer,6/24/21,$63.35,$63.35,Misc,Checking, Cash,$0.00,$4567.81
Kratos Paycheck,6/25/21,$1295.39,,Work,Savings,,$1295.39,$5863.20
Incline Pizza Lunch,6/26/21,$12.00,$24.00,Food,Checking,Discover,-$12.00,$5851.20
Fly DEN->ORD,6/27/21,,$108.40,Travel,,Discover,-$108.40,$5742.80
Fly ORD->DEN,6/27/21,,$86.00,Travel,,Discover,-$86.00,$5656.80
Discover Payment,6/27/21,$1121.31,$1121.31,Misc,Discover,Savings,$0.00,$5656.80
May/June Utilities,6/28/21,$73.32,$146.64,Housing,Apartment,Checking,-$73.32,$5583.48
Walmart: Breakfast Stuff,6/29/21,$5.44,$10.88,Groceries,Apartment,Discover,-$5.44,$5578.04
Apple Subscription,6/29/21,,$6.39,Entertainment,,Gift Card,-$6.39,$5571.65
Apple Card Payment,6/30/21,$78.04,$78.04,Misc,Apple Card,Savings,$0.00,$5571.65
Monthly Savings Withdrawl,7/1/21,$850.00,$850.00,Misc,Checking,Savings,$0.00,$5571.65
July Rent + May Utilities (Gabe),7/2/21,,$461.27,Housing,,Apartment,-$461.27,$5110.38
Acorns Deposit,7/2/21,$25.00,$25.00,Investments,Acorns,Checking,$0.00,$5110.38
July Rent + May Utilities (Rob),7/2/21,$307.52,$615.04,Housing,Apartment,Savings,-$307.52,$4802.86
July Rent Kratos Reimbursement,7/2/21,$500.00,,Housing,Savings,,$500.00,$5302.86
McDonald's Date,7/4/21,,$18.88,M,,Discover,-$18.88,$5283.98
Icecream w/ Tim & Gillian,7/4/21,,$3.21,Food,,Discover,-$3.21,$5280.77
Prime Movie Date,7/4/21,,$4.32,M,,Discover,-$4.32,$5276.45
M’s Train Ticket,7/4/21,,$32.00,M,,Apple Card,-$32.00,$5244.45
McDonald's,7/5/21,,$5.17,Food,,Discover,-$5.17,$5239.28
Airbnb Milwaukee,7/6/21,,$105.44,Travel,,Discover,-$105.44,$5133.84
Liberty Mutual,7/6/21,,$50.81,Transportation,,Checking,-$50.81,$5083.03
Gas COS -> WIT,7/6/21,$25.00,$50.60,Travel,Checking,Checking,-$25.60,$5057.43
Amtrack to Chicago --> Milwaukee,7/7/21,,$24.00,Travel,,Discover,-$24.00,$5033.43
Gas WIT --> COS,7/7/21,$25.04,$59.29,Travel,Checking,Checking,-$34.25,$4999.18
GasBuddy,7/9/21,,$34.67,Transportation,,Checking,-$34.67,$4964.51
Kratos Paycheck,7/9/21,$2244.90,$1000.00,Work,Savings,Savings,$1244.90,$6209.41
Walmart Groceries,7/9/21,,$13.00,Food,,Apartment,-$13.00,$6196.41
Denver Parking,7/10/21,,$19.99,Travel,,Discover,-$19.99,$6176.42
Chicago Hotel,7/10/21,,$80.68,Travel,,Discover,-$80.68,$6095.74
Car Regestration Renewal,7/10/21,,$74.50,Transportation,,Discover,-$74.50,$6021.24
Interest Paid,7/10/21,$1.56,,Interest,Savings,,$1.56,$6022.80
Acorns Invest Transfer,7/12/21,$750.00,$750.00,Misc,Acorns,Checking,$0.00,$6022.80
Urban Light Tithe,7/13/21,,$40.00,Tithe (Legal),,Discover,-$40.00,$5982.80
Bannana Split,7/14/21,,$7.94,Food,,Discover,-$7.94,$5974.86
Acorns Subscription,7/21/21,,$1.00,Investments,,Checking,-$1.00,$5973.86
Chips,7/23/21,,$1.50,Food,,Discover,-$1.50,$5972.36
Milwauke Trip Public Transportation,7/23/21,,$5.00,Travel,,Discover,-$5.00,$5967.36
Kratos Paycheck,7/23/21,$1627.69,$500.00,Work,Savings,Savings,$1127.69,$7095.05
Kratos Retirement Match,7/23/21,$68.02,,Retirement,Retirement,,$68.02,$7163.07
Kratos Retirement Deposit,7/23/21,$90.70,,Retirement,Retirement,,$90.70,$7253.77
M Scents,7/25/21,$40.00,$59.08,M,Checking,Discover,-$19.08,$7234.69
Whole Foods,7/26/21,$9.97,$19.93,Groceries,Apartment,Discover,-$9.97,$7224.73
Panera Date,7/26/21,,$22.85,M,,Discover,-$22.85,$7201.88
Gas: Carpet,7/26/21,,$30.79,Transportation,,Checking,-$30.79,$7171.09
Milwaukee Public Transportation,7/26/21,,$14.50,Travel,,Apple Card,-$14.50,$7156.59
Gas: Esta,7/27/21,,$36.13,M,,Checking,-$36.13,$7120.46
Gas: Mt Yale,7/28/21,,$5.00,Transportation,,Checking,-$5.00,$7115.46
Apple Subscription,7/29/21,,$6.39,Entertainment,,Gift Card,-$6.39,$7109.07
July Utilities,7/30/21,$61.52,$123.04,Housing,Apartment,Checking,-$61.52,$7047.55
Apple Card Payment,7/31/21,$711.96,$711.96,Misc,Apple Card,Savings,$0.00,$7047.55
Checking Transfer,7/31/21,$2600.00,$2600.00,,Checking,Savings,$0.00,$7047.55
Good Grades Reward,7/31/21,$20.00,,Rewards,Discover,,$20.00,$7067.55
Wal-Mart,8/1/21,$35.32,$70.64,Groceries,Apartment,Discover,-$35.32,$7032.23
Ally Invest Deposit,8/2/21,$500.00,$500.00,Investments,Ally Invest,Checking,$0.00,$7032.23
Acorns Deposit,8/2/21,$25.00,$25.00,Investments,Acorns,Checking,$0.00,$7032.23
Acorns Deposit,8/3/21,$1500.00,$1500.00,Investments,Acorns,Checking,$0.00,$7032.23
August Rent,8/3/21,,$436.48,Housing,,Checking,-$436.48,$6595.75
August Rent,8/3/21,,$109.11,Housing,,Apartment,-$109.11,$6486.64
Shark Week Chocolate,8/4/21,,$2.78,M,,Checking,-$2.78,$6483.86
Liberty Mutual,8/4/21,,$50.81,Transportation,,Checking,-$50.81,$6433.05
Kratos Paycheck,8/6/21,$1177.49,,Work,Savings,,$1177.49,$7610.54
Kratos Retirement Match,8/6/21,$71.24,,Retirement,Retirement,,$71.24,$7681.78
Kratos Retirement Deposit,8/6/21,$94.98,,Retirement,Retirement,,$94.98,$7776.76
Goodwill Clothes & Shoes,8/8/21,,$30.00,Clothes,,Discover,-$30.00,$7746.76
Icecream w/ Timmy,8/10/21,,$5.36,Food,,Discover,-$5.36,$7741.40
COS Gas,8/10/21,$0.04,$40.01,Transportation,Checking,Checking,-$39.97,$7701.43
Interest Paid,8/10/21,$1.95,,Interest,Savings,,$1.95,$7703.38
5D Chess & Other Games,8/11/21,,$9.00,Entertainment,,Discover,-$9.00,$7694.38
Airpods & Wireless Charging Pad,8/11/21,,$234.78,Tech,,Discover,-$234.78,$7459.60
Urban Light Tithe,8/13/21,,$40.00,Tithe (Legal),,Discover,-$40.00,$7419.60
Snowl,8/14/21,,$6.75,Food,,Checking,-$6.75,$7412.85
Special Sodas,8/14/21,,$5.38,M,,Discover,-$5.38,$7407.47
Sushi Katsu 2,8/14/21,,$23.73,Food,,Discover,-$23.73,$7383.74
Discover Payment,8/15/21,$613.41,$613.41,Misc,Discover,Savings,$0.00,$7383.74
King Soopers,8/15/21,,$7.96,Groceries,,Discover,-$7.96,$7375.78
Kratos Paycheck,8/20/21,$1189.36,,Work,Savings,,$1189.36,$8565.14
Kratos Retirement Deposit,8/20/21,$168.00,,Retirement,Retirement,,$168.00,$8733.14
COS Deposit Reimbursement,8/20/21,$96.82,,Housing,Savings,,$96.82,$8829.96
Mr. Cox Gift,8/20/21,$20.00,,Gift,Cash,,$20.00,$8849.96
Gas COS --> TX,8/21/21,,$37.05,Travel,,Discover,-$37.05,$8812.91
soda,8/21/21,,$1.40,Food,,Discover,-$1.40,$8811.51
Carpet: Oil Change,8/23/21,,$43.67,Transportation,,Discover,-$43.67,$8767.84
TX Car Inspection,8/23/21,,$7.00,Transportation,,Discover,-$7.00,$8760.84
Acorns Subscription,8/23/21,,$1.00,Investments,,Checking,-$1.00,$8759.84
Gas COS --> TX,8/24/21,,$58.25,Travel,,Checking,-$58.25,$8701.59
Ally Transfer,8/25/21,$219.20,$219.20,Misc,Checking,Savings,$0.00,$8701.59
August Utilities,8/26/21,$76.23,$152.46,Housing,Apartment,Checking,-$76.23,$8625.36
Kratos Paycheck,8/26/21,$566.34,,Work,Savings,,$566.34,$9191.70
Kratos Retirement Deposit,8/26/21,$74.74,$48.41,Retirement,Retirement,Apartment,$26.33,$9218.03
Apartment Zeroring Balance,8/27/21,$32.55,$32.55,Misc,Checking,Apartment,$0.01,$9218.03
M Round Trip Flight To Prauge,8/28/21,,$467.95,M,,Apple Card,-$467.95,$8750.08
Apple Subscription,8/29/21,,$6.39,Entertainment,,Gift Card,-$6.39,$8743.69
Gas TX --> Taylor,8/30/21,,$67.46,Travel,,Checking,-$67.46,$8676.23
Ally Transfer,8/31/21,$218.00,$218.00,Misc,Checking,Savings,$0.00,$8743.69
Apple Card Payment,8/31/21,$46.50,$46.50,Misc,Apple Card,Savings,$0.00,$8743.69
Things for iOS,8/31/21,,$10.81,Tech,,Gift Card,-$10.81,$8732.88
Architecture Textbook,9/2/21,,$31.26,Textbook,,Discover,-$31.26,$8701.62
Initiation IHOP,9/2/21,,$26.65,Food,,Discover,-$26.65,$8674.97
Flight LAS --> IND,9/3/21,,$70.00,Travel,,Apple Card,-$70.00,$8631.62
Flight IND --> LAS,9/3/21,,$61.98,Travel,,Apple Card,-$61.98,$8569.64
Outback 1 Year Date,9/4/21,,$38.19,M,,Discover,-$38.19,$8531.45
Bike,9/4/21,,$115.56,Transportation,,Discover,-$115.56,$8415.89
Chalk Walk PAD Ivanhoes,9/4/21,,$8.56,M,,Discover,-$8.56,$8407.33
Walmart Picnic Date,9/4/21,,$40.91,M,,Discover,-$40.91,$8366.42
Gerig Dinner,9/7/21,,$4.00,Food,,Checking,-$4.00,$8362.42
Liberty Mutual,9/7/21,,$50.81,Transportation,,Checking,-$50.81,$8311.61
Gas Taylor,9/8/21,,$31.96,Transportation,,Checking,-$31.96,$8279.65
Taylor COVID Check,9/8/21,$250.00,,Grant,Savings,,$250.00,$8529.65
Interest Paid,9/10/21,$1.84,,Interest,Savings,,$1.84,$8531.49
Interest Paid,9/10/21,$0.01,,Interest,Checking,,$0.01,$8531.50
Deli Lunch KJ Double Date,9/12/21,,$16.32,Food,,Discover,-$16.32,$8515.18
Urban Light Tithe,9/13/21,,$40.00,Tithe (Legal),,Discover,-$40.00,$8475.18
Things for Mac,9/15/21,,$29.09,Tech,,Discover,-$29.09,$8446.09
Things for Mac,9/15/21,,$25.02,Tech,,Gift Card,-$25.02,$8421.07
Discover Payment,9/15/21,$515.21,$515.21,Misc,Discover,Savings,$0.00,$8446.09
Capstone Textbook,9/16/21,,$13.90,Textbook,,Discover,-$13.90,$8432.19
KFC M dinner,9/19/21,,$16.67,Food,,Discover,-$16.67,$8415.52
Theory of Comp Textbook,9/19/21,,$30.79,Textbook,,Discover,-$30.79,$8384.73
Acorns Subscription,9/20/21,,$1.00,Investments,,Checking,-$1.00,$8383.73
Gas Upland,9/21/21,,$30.63,Transportation,,Checking,-$30.63,$8353.10
Sacred Search Book,9/22/21,,$8.50,Textbook,,Checking,-$8.50,$8344.60
iCloud Apple Subscription,9/28/21,,$0.99,Tech,,Discover,-$0.99,$8343.61
Taylor Scholarship Reimbursement,9/28/21,$948.00,,Grant,Savings,,$948.00,$9291.61
Brigaderos from Tessa,9/28/21,,$2.00,Food,,Checking,-$2.00,$9289.61
3 Months Spotify,9/30/21,,$9.99,Entertainment,,Discover,-$9.99,$9279.62
Apple Card Payment,9/30/21,$467.95,$467.95,Payment,Apple Card,Savings,$0.00,$9279.62
Taylor Paycheck,10/1/21,$13.75,,Work,Savings,,$13.75,$9293.37
Apple Cash Rewards Transfer,10/2/21,$6.29,,Misc,Checking,,$6.29,$9299.66
Sallie's Ice Cream,10/2/21,,$5.82,Food,,Discover,-$5.82,$9293.84
Tyler Visit Gas,10/3/21,,$7.00,Transportation,,Checking,-$7.00,$9286.84
Subway,10/3/21,,$6.43,Food,,Discover,-$6.43,$9280.41
Liberty Mutual,10/6/21,,$50.81,Transportation,,Checking,-$50.81,$9229.60
Interest Paid,10/10/21,$0.01,,Interest,Checking,,$0.01,$9229.61
Interest Paid,10/10/21,$1.98,,Interest,Savings,,$1.98,$9231.59
Plant for M,10/12/21,,$5.00,M,,Discover,-$5.00,$9226.59
Peacock,10/13/21,,$5.40,Entertainment,,Discover,-$5.40,$9221.19
Urban Light Tithe,10/13/21,,$40.00,Tithe (Legal),,Discover,-$40.00,$9181.19
GasBuddy,10/13/21,,$36.89,Transportation,,Checking,-$36.89,$9144.30
Soccer Fees,10/15/21,,$6.84,Fees,,Discover,-$6.84,$9137.46
Discover Payment,10/15/21,$497.02,$497.02,Misc,Discover,Savings,$0.00,$9137.46
Chargers,10/17/21,,$45.88,Tech,,Discover,-$45.88,$9091.58
Architecture Textbook,10/17/21,,$74.96,Textbook,,Discover,-$74.96,$9016.62
Indy Airport Parking,10/18/21,,$70.00,Travel,,Discover,-$70.00,$8946.62
Panda Express,10/18/21,$8.00,$8.61,M,Checking,Discover,-$0.61,$8946.01
Fake Ring & Bow,10/19/21,,$11.64,M,,Discover,-$11.64,$8934.37
GasBuddy,10/20/21,,$34.04,Transportation,,Checking,-$34.04,$8900.33
Subscription Acorns,10/21/21,,$1.00,Investments,,Checking,-$1.00,$8899.33
Countdown Widget,10/22/21,,$4.32,Tech,,Discover,-$4.32,$8895.01
Haircut from Tessa,10/23/21,,$15.00,Cosmetics,,Checking,-$15.00,$8880.01
Transfer to Checking,10/23/21,$120.00,$120.00,Misc,Checking,Savings,$0.00,$8880.01
Mygen,10/25/21,,$5.00,Entertainment,,Discover,-$5.00,$8875.01
Apple iCloud Subscription,10/28/21,,$0.99,Tech,,Discover,-$0.99,$8874.02
Stadia FPS Game,10/29/21,,$31.97,Entertainment,,Discover,-$31.97,$8842.05
Flowers for M,10/30/21,$0.53,$53.30,M,Checking,Apple Card,-$52.77,$8789.28
Applebees App Run,10/31/21,,$6.22,Food,,Checking,-$6.22,$8783.06
Apple Card Payment,10/31/21,$131.98,$131.98,Misc,Apple Card,Savings,$0.00,$8783.06
Mosaic Night,11/2/21,,$5.00,Entertainment,,Discover,-$5.00,$8778.06
Liberty Mutual,11/4/21,,$50.81,Transportation,,Checking,-$50.81,$8727.25
M Photos,11/7/21,,$3.04,M,,Discover,-$3.04,$8724.21
Interest Paid,11/10/21,$0.01,,Interest,Checking,,$0.01,$8724.22
Interest Paid,11/10/21,$1.92,,Interest,Savings,,$1.92,$8726.14
Urban Light Tithe,11/13/21,,$40.00,Groceries,,Discover,-$40.00,$8686.14
Discover Payment,11/15/21,$291.56,$291.56,Misc,Discover,Savings,$0.00,$8686.14
House Keeper Gift,11/19/21,,$10.00,Gift,,Checking,-$10.00,$8676.14
Gerig Thanksgiving,11/20/21,,$5.00,Food,,Checking,-$5.00,$8671.14
Spring Semester,11/20/21,,$1348.20,Other,,Apple Card,-$1348.20,$7322.94
Panera Bread,11/20/21,,$12.39,Restaurants,,Apple Card,-$12.39,$7310.55
Subscription Acorns,11/22/21,,$1.00,Investments,,Checking,-$1.00,$7309.55
Upland Gas,11/23/21,,$36.79,Transportation,,Checking,-$36.79,$7272.76
Texas Christmas Flights,11/26/21,,$123.54,Travel,,Discover,-$123.54,$7149.22
Ukelele,11/27/21,,$54.48,M,,Discover,-$54.48,$7094.74
Thanksgiving Gas,11/28/21,,$40.01,Travel,,Discover,-$40.01,$7054.73
Noodles & Company,11/28/21,,$9.54,Food,,Discover,-$9.54,$7045.19
Transfer,11/28/21,$200.00,$200.00,Misc,Checking,Savings,$0.00,$7045.19
Typora,11/29/21,,$16.04,Tech,,Discover,-$16.04,$7029.15
Thanksgiving Gas,11/30/21,,$38.47,Travel,,Checking,-$38.47,$6990.68
PAD Shirts,12/4/21,,$20.00,Entertainment,,Checking,-$20.00,$6970.68
Apple Card Rewards,12/5/21,$27.33,,Rewards,Checking,,$27.33,$6998.01
Thriftbooks,12/5/21,,$12.71,M,,Apple Card,-$12.71,$6985.30
Raspberry Pi Picos,12/5/21,,$39.38,Tech,,Discover,-$39.38,$6945.92
Refer A Friend,12/6/21,$100.00,,Rewards,Discover,,$100.00,$7045.92
Liberty Mutual,12/6/21,,$50.77,Transportation,,Checking,-$50.77,$6995.15
Upland Gas,12/7/21,,$23.99,Transportation,,Checking,-$23.99,$6971.16
Silas Pi Stuff,12/9/21,,$52.70,Gift,,Discover,-$52.70,$6918.46
Ring Box,12/9/21,,$14.96,M,,Discover,-$14.96,$6903.50
Raspberry Pi & Teapot Gifts,12/9/21,,$72.74,Groceries,,Discover,-$72.74,$6830.76
Apple Card Rewards,12/10/21,$37.44,$36.00,Rewards,Checking,Checking,$1.44,$6832.20
Interest Paid,12/10/21,$0.01,,Interest,Checking,,$0.01,$6832.21
Interest Paid,12/10/21,$1.62,,Interest,Savings,,$1.62,$6833.83
URBANLIGHTC 888-221-1161 CA,12/13/21,,$40.00,Tithe (Legal),,Discover,-$40.00,$6793.83
Grandma C B-Day,12/14/21,$22.00,,Gift,Checking,,$22.00,$6815.83
DISCOVER E-PAYMENT,12/16/21,$90.32,$90.32,Misc,Discover,Savings,$0.00,$6815.83
Chicago Parking,12/16/21,,$2.00,Fees,,Apple Card,-$2.00,$6813.83
Apple TV for Parents,12/17/21,,$54.00,Gift,,Checking,-$54.00,$6759.83
Whataburger,12/19/21,,$8.00,Food,,Apple Card,-$8.00,$6751.83
Walmart Slinky,12/19/21,,$3.79,Toys,,Apple Card,-$3.79,$6748.04
Spiderman Movie,12/20/21,,$8.00,Entertainment,,Checking,-$8.00,$6740.04
Subscription Acorns,12/20/21,,$1.00,Investments,,Checking,-$1.00,$6739.04
Gas Chicago,12/20/21,,$32.22,Transportation,,Checking,-$32.22,$6706.82
Tyler Breakfast w/ Gavin,12/20/21,,$14.30,Food,,Apple Card,-$14.30,$6692.52
Parents Christmas Gift,12/21/21,$50.00,,Gift,Checking,,$50.00,$6742.52
Chicago Airport Parking,12/22/21,,$60.00,Travel,,Discover,-$60.00,$6682.52
Walmart Proposal Prep,12/22/21,,$41.20,M,,Apple Card,-$41.20,$6641.32
Tim Gift and Masks,12/23/21,,$36.53,Gift,,Discover,-$36.53,$6604.79
Liz Mug,12/24/21,,$20.41,Gift,,Discover,-$20.41,$6584.38
Canceled Amtrak Reward,12/27/21,$0.40,$0.40,Misc,Checking,Apple Card,$0.00,$6584.38
Taylor Spring22 Bill,12/27/21,,$101.00,Direct College,,Checking,-$101.00,$6483.38
⏰ Senior Year Costs,12/31/21,$400.00,$400.00,Misc,Savings,Savings,$0.00,$6584.38
⏰ Wedding,6/11/22,$2500.00,$2500.00,M,Savings,Savings,$0.00,$6584.38
⏰ Honeymoon,6/11/22,$1000.00,$1000.00,M,Savings,Savings,$0.00,$6584.38
⏰ Summer Travel,7/1/22,$400.00,$400.00,Travel,Discover,Discover,$0.00,$6584.38
⏰ Car Insurance,7/1/22,$304.86,$304.86,Transportation,Checking,Checking,$0.00,$6584.38
,,,,,,,$0.00,$6584.38
,,,,,,,$0.00,$6584.38
,,,,,,,$0.00,$6584.38
,,,,,,,$0.00,$6584.38
,,,,,,,$0.00,$6584.38
,,,,,,,$0.00,$6584.38
,,,,,,,$0.00,$6584.38
,,,,,,,$0.00,$6584.38
,,,,,,,$0.00,$6584.38
,,,,,,,$0.00,$6584.38
,,,,,,,$0.00,$6584.38
,,,,,,,$0.00,$6584.38
,,,,,,,$0.00,$6584.38
,,,,,,,$0.00,$6584.38
,,,,,,,$0.00,$6584.38
,,,,,,,$0.00,$6584.38
,,,,,,,$0.00,$6584.38
,,,,,,,$0.00,$6584.38
,,,,,,,$0.00,$6584.38
,,,,,,,$0.00,$6584.38
,,,,,,,$0.00,$6584.38
,,,,,,,$0.00,$6584.38
,,,,,,,$0.00,$6584.38
,,,,,,,$0.00,$6584.38
,,,,,,,$0.00,$6584.38
,,,,,,,$0.00,$6584.38
,,,,,,,$0.00,$6584.38
,,,,,,,$0.00,$6584.38
,,,,,,,$0.00,$6584.38
,,,,,,,$0.00,$6584.38
,,,,,,,$0.00,$6584.38
,,,,,,,$0.00,$6584.38
,,,,,,,$0.00,$6584.38
,,,,,,,$0.00,$6584.38
,,,,,,,$0.00,$6584.38
,,,,,,,$0.00,$6584.38
,,,,,,,$0.00,$6584.38
,,,,,,,$0.00,$6584.38
,,,,,,,$0.00,$6584.38
,,,,,,,$0.00,$6584.38
,,,,,,,$0.00,$6584.38
,,,,,,,$0.00,$6584.38
,,,,,,,$0.00,$6584.38
,,,,,,,$0.00,$6584.38
,,,,,,,$0.00,$6584.38
,,,,,,,$0.00,$6584.38
,,,,,,,$0.00,$6584.38
,,,,,,,$0.00,$6584.38
,,,,,,,$0.00,$6584.38
,,,,,,,$0.00,$6584.38
,,,,,,,$0.00,$6584.38
,,,,,,,$0.00,$6584.38
,,,,,,,$0.00,$6584.38
,,,,,,,$0.00,$6584.38
,,,,,,,$0.00,$6584.38
,,,,,,,$0.00,$6584.38
,,,,,,,$0.00,$6584.38
,,,,,,,$0.00,$6584.38
,,,,,,,$0.00,$6584.38
,,,,,,,$0.00,$6584.38
,,,,,,,$0.00,$6584.38
,,,,,,,$0.00,$6584.38
,,,,,,,$0.00,$6584.38
,,,,,,,$0.00,$6584.38
,,,,,,,$0.00,$6584.38
,,,,,,,$0.00,$6584.38
,,,,,,,$0.00,$6584.38
,,,,,,,$0.00,$6584.38
,,,,,,,$0.00,$6584.38
,,,,,,,$0.00,$6584.38
,,,,,,,$0.00,$6584.38
,,,,,,,$0.00,$6584.38
,,,,,,,$0.00,$6584.38
,,,,,,,$0.00,$6584.38
,,,,,,,$0.00,$6584.38
,,,,,,,$0.00,$6584.38
,,,,,,,$0.00,$6584.38
,,,,,,,$0.00,$6584.38
,,,,,,,$0.00,$6584.38
,,,,,,,$0.00,$6584.38
,,,,,,,$0.00,$6584.38
,,,,,,,$0.00,$6584.38
,,,,,,,$0.00,$6584.38
,,,,,,,$0.00,$6584.38
,,,,,,,$0.00,$6584.38
,,,,,,,$0.00,$6584.38
,,,,,,,$0.00,$6584.38
,,,,,,,$0.00,$6584.38
,,,,,,,$0.00,$6584.38
,,,,,,,$0.00,$6584.38
,,,,,,,$0.00,$6584.38
,,,,,,,$0.00,$6584.38
,,,,,,,$0.00,$6584.38
,,,,,,,$0.00,$6584.38
,,,,,,,$0.00,$6584.38
,,,,,,,$0.00,$6584.38
,,,,,,,$0.00,$6584.38
,,,,,,,$0.00,$6584.38
,,,,,,,$0.00,$6584.38
,,,,,,,$0.00,$6584.38
,,,,,,,$0.00,$6584.38
,,,,,,,$0.00,$6584.38
,,,,,,,$0.00,$6584.38
,,,,,,,$0.00,$6584.38
,,,,,,,$0.00,$6584.38
,,,,,,,$0.00,$6584.38
,,,,,,,$0.00,$6584.38
,,,,,,,$0.00,$6584.38
,,,,,,,$0.00,$6584.38
,,,,,,,$0.00,$6584.38
,,,,,,,$0.00,$6584.38
,,,,,,,$0.00,$6584.38
,,,,,,,$0.00,$6584.38
,,,,,,,$0.00,$6584.38
,,,,,,,$0.00,$6584.38
,,,,,,,$0.00,$6584.38
,,,,,,,$0.00,$6584.38
,,,,,,,$0.00,$6584.38
,,,,,,,$0.00,$6584.38
,,,,,,,$0.00,$6584.38
,,,,,,,$0.00,$6584.38
,,,,,,,$0.00,$6584.38
,,,,,,,$0.00,$6584.38
,,,,,,,$0.00,$6584.38
,,,,,,,$0.00,$6584.38
,,,,,,,$0.00,$6584.38
,,,,,,,$0.00,$6584.38
,,,,,,,$0.00,$6584.38
,,,,,,,$0.00,$6584.38
,,,,,,,$0.00,$6584.38
,,,,,,,$0.00,$6584.38
,,,,,,,$0.00,$6584.38
,,,,,,,$0.00,$6584.38
,,,,,,,$0.00,$6584.38
,,,,,,,$0.00,$6584.38
,,,,,,,$0.00,$6584.38
,,,,,,,$0.00,$6584.38
,,,,,,,$0.00,$6584.38
,,,,,,,$0.00,$6584.38
,,,,,,,$0.00,$6584.38
,,,,,,,$0.00,$6584.38
,,,,,,,$0.00,$6584.38
,,,,,,,$0.00,$6584.38
,,,,,,,$0.00,$6584.38
,,,,,,,$0.00,$6584.38
,,,,,,,$0.00,$6584.38
,,,,,,,$0.00,$6584.38
,,,,,,,$0.00,$6584.38
,,,,,,,$0.00,$6584.38
,,,,,,,$0.00,$6584.38
,,,,,,,$0.00,$6584.38
,,,,,,,$0.00,$6584.38
,,,,,,,$0.00,$6584.38
,,,,,,,$0.00,$6584.38
,,,,,,,$0.00,$6584.38
,,,,,,,$0.00,$6584.38
,,,,,,,$0.00,$6584.38
,,,,,,,$0.00,$6584.38
,,,,,,,$0.00,$6584.38
,,,,,,,$0.00,$6584.38
,,,,,,,$0.00,$6584.38
,,,,,,,$0.00,$6584.38
,,,,,,,$0.00,$6584.38
,,,,,,,$0.00,$6584.38
,,,,,,,$0.00,$6584.38
,,,,,,,$0.00,$6584.38
,,,,,,,$0.00,$6584.38
,,,,,,,$0.00,$6584.38
,,,,,,,$0.00,$6584.38
,,,,,,,$0.00,$6584.38
,,,,,,,$0.00,$6584.38
,,,,,,,$0.00,$6584.38
,,,,,,,$0.00,$6584.38
,,,,,,,$0.00,$6584.38
,,,,,,,$0.00,$6584.38
,,,,,,,$0.00,$6584.38
,,,,,,,$0.00,$6584.38
,,,,,,,$0.00,$6584.38
,,,,,,,$0.00,$6584.38
,,,,,,,$0.00,$6584.38
,,,,,,,$0.00,$6584.38
,,,,,,,$0.00,$6584.38
,,,,,,,$0.00,$6584.38
,,,,,,,$0.00,$6584.38
,,,,,,,$0.00,$6584.38
,,,,,,,$0.00,$6584.38
,,,,,,,$0.00,$6584.38
,,,,,,,$0.00,$6584.38
,,,,,,,$0.00,$6584.38
,,,,,,,$0.00,$6584.38
,,,,,,,$0.00,$6584.38
,,,,,,,$0.00,$6584.38
,,,,,,,$0.00,$6584.38
,,,,,,,$0.00,$6584.38
,,,,,,,$0.00,$6584.38
,,,,,,,$0.00,$6584.38
,,,,,,,$0.00,$6584.38
,,,,,,,$0.00,$6584.38
,,,,,,,$0.00,$6584.38
,,,,,,,$0.00,$6584.38
,,,,,,,$0.00,$6584.38
,,,,,,,$0.00,$6584.38
,,,,,,,$0.00,$6584.38
,,,,,,,$0.00,$6584.38
,,,,,,,$0.00,$6584.38
,,,,,,,$0.00,$6584.38
,,,,,,,$0.00,$6584.38
,,,,,,,$0.00,$6584.38
,,,,,,,$0.00,$6584.38
,,,,,,,$0.00,$6584.38
,,,,,,,$0.00,$6584.38
,,,,,,,$0.00,$6584.38
,,,,,,,$0.00,$6584.38
,,,,,,,$0.00,$6584.38
,,,,,,,$0.00,$6584.38
,,,,,,,$0.00,$6584.38
,,,,,,,$0.00,$6584.38
,,,,,,,$0.00,$6584.38
,,,,,,,$0.00,$6584.38
,,,,,,,$0.00,$6584.38
,,,,,,,$0.00,$6584.38
,,,,,,,$0.00,$6584.38
,,,,,,,$0.00,$6584.38
,,,,,,,$0.00,$6584.38
,,,,,,,$0.00,$6584.38
,,,,,,,$0.00,$6584.38
,,,,,,,$0.00,$6584.38
,,,,,,,$0.00,$6584.38
,,,,,,,$0.00,$6584.38
,,,,,,,$0.00,$6584.38
,,,,,,,$0.00,$6584.38
,,,,,,,$0.00,$6584.38
,,,,,,,$0.00,$6584.38
,,,,,,,$0.00,$6584.38
,,,,,,,$0.00,$6584.38
,,,,,,,$0.00,$6584.38
,,,,,,,$0.00,$6584.38
,,,,,,,$0.00,$6584.38
,,,,,,,$0.00,$6584.38
,,,,,,,$0.00,$6584.38
,,,,,,,$0.00,$6584.38
,,,,,,,$0.00,$6584.38
,,,,,,,$0.00,$6584.38
,,,,,,,$0.00,$6584.38
,,,,,,,$0.00,$6584.38
,,,,,,,$0.00,$6584.38
,,,,,,,$0.00,$6584.38
,,,,,,,$0.00,$6584.38
,,,,,,,$0.00,$6584.38
,,,,,,,$0.00,$6584.38
,,,,,,,$0.00,$6584.38
,,,,,,,$0.00,$6584.38
,,,,,,,$0.00,$6584.38
,,,,,,,$0.00,$6584.38
,,,,,,,$0.00,$6584.38
,,,,,,,$0.00,$6584.38
,,,,,,,$0.00,$6584.38
,,,,,,,$0.00,$6584.38
,,,,,,,$0.00,$6584.38
,,,,,,,$0.00,$6584.38
,,,,,,,$0.00,$6584.38
,,,,,,,$0.00,$6584.38
,,,,,,,$0.00,$6584.38
,,,,,,,$0.00,$6584.38
,,,,,,,$0.00,$6584.38
,,,,,,,$0.00,$6584.38
,,,,,,,$0.00,$6584.38
,,,,,,,$0.00,$6584.38
,,,,,,,$0.00,$6584.38
,,,,,,,$0.00,$6584.38
,,,,,,,$0.00,$6584.38
,,,,,,,$0.00,$6584.38
,,,,,,,$0.00,$6584.38
,,,,,,,$0.00,$6584.38
,,,,,,,$0.00,$6584.38
,,,,,,,$0.00,$6584.38
,,,,,,,$0.00,$6584.38
,,,,,,,$0.00,$6584.38
,,,,,,,$0.00,$6584.38
,,,,,,,$0.00,$6584.38
,,,,,,,$0.00,$6584.38
,,,,,,,$0.00,$6584.38
,,,,,,,$0.00,$6584.38
,,,,,,,$0.00,$6584.38
,,,,,,,$0.00,$6584.38
,,,,,,,$0.00,$6584.38
,,,,,,,$0.00,$6584.38
,,,,,,,$0.00,$6584.38
,,,,,,,$0.00,$6584.38
,,,,,,,$0.00,$6584.38
,,,,,,,$0.00,$6584.38
,,,,,,,$0.00,$6584.38
,,,,,,,$0.00,$6584.38
,,,,,,,$0.00,$6584.38
,,,,,,,$0.00,$6584.38
,,,,,,,$0.00,$6584.38
,,,,,,,$0.00,$6584.38
,,,,,,,$0.00,$6584.38
,,,,,,,$0.00,$6584.38
,,,,,,,$0.00,$6584.38
,,,,,,,$0.00,$6584.38
,,,,,,,$0.00,$6584.38
,,,,,,,$0.00,$6584.38
,,,,,,,$0.00,$6584.38
,,,,,,,$0.00,$6584.38
,,,,,,,$0.00,$6584.38
,,,,,,,$0.00,$6584.38
,,,,,,,$0.00,$6584.38
,,,,,,,$0.00,$6584.38
,,,,,,,$0.00,$6584.38
,,,,,,,$0.00,$6584.38
,,,,,,,$0.00,$6584.38
,,,,,,,$0.00,$6584.38
,,,,,,,$0.00,$6584.38
,,,,,,,$0.00,$6584.38
,,,,,,,$0.00,$6584.38
,,,,,,,$0.00,$6584.38
,,,,,,,$0.00,$6584.38
,,,,,,,$0.00,$6584.38
,,,,,,,$0.00,$6584.38
,,,,,,,$0.00,$6584.38
,,,,,,,$0.00,$6584.38
,,,,,,,$0.00,$6584.38
,,,,,,,$0.00,$6584.38
,,,,,,,$0.00,$6584.38
,,,,,,,$0.00,$6584.38
,,,,,,,$0.00,$6584.38
,,,,,,,$0.00,$6584.38
,,,,,,,$0.00,$6584.38
,,,,,,,$0.00,$6584.38
,,,,,,,$0.00,$6584.38
,,,,,,,$0.00,$6584.38
,,,,,,,$0.00,$6584.38
,,,,,,,$0.00,$6584.38
,,,,,,,$0.00,$6584.38
,,,,,,,$0.00,$6584.38
,,,,,,,$0.00,$6584.38
,,,,,,,$0.00,$6584.38
,,,,,,,$0.00,$6584.38
,,,,,,,$0.00,$6584.38
,,,,,,,$0.00,$6584.38
,,,,,,,$0.00,$6584.38
,,,,,,,$0.00,$6584.38
,,,,,,,$0.00,$6584.38
,,,,,,,$0.00,$6584.38
,,,,,,,$0.00,$6584.38
,,,,,,,$0.00,$6584.38
,,,,,,,$0.00,$6584.38
,,,,,,,$0.00,$6584.38
,,,,,,,$0.00,$6584.38
,,,,,,,$0.00,$6584.38
,,,,,,,$0.00,$6584.38
,,,,,,,$0.00,$6584.38
,,,,,,,$0.00,$6584.38
,,,,,,,$0.00,$6584.38
,,,,,,,$0.00,$6584.38
,,,,,,,$0.00,$6584.38
,,,,,,,$0.00,$6584.38
,,,,,,,$0.00,$6584.38
,,,,,,,$0.00,$6584.38
,,,,,,,$0.00,$6584.38
,,,,,,,$0.00,$6584.38
,,,,,,,$0.00,$6584.38
,,,,,,,$0.00,$6584.38
,,,,,,,$0.00,$6584.38
,,,,,,,$0.00,$6584.38
,,,,,,,$0.00,$6584.38
,,,,,,,$0.00,$6584.38
,,,,,,,$0.00,$6584.38
,,,,,,,$0.00,$6584.38
,,,,,,,$0.00,$6584.38
,,,,,,,$0.00,$6584.38
,,,,,,,$0.00,$6584.38
,,,,,,,$0.00,$6584.38
,,,,,,,$0.00,$6584.38
,,,,,,,$0.00,$6584.38
,,,,,,,$0.00,$6584.38
,,,,,,,$0.00,$6584.38
,,,,,,,$0.00,$6584.38
,,,,,,,$0.00,$6584.38
,,,,,,,$0.00,$6584.38
,,,,,,,$0.00,$6584.38