Description,Date,Earned,Paid,Category,Destination,Source,Net,,Balance,Involved
Start amount,1/1/2014,$284.28,,Misc,Bank,,$284.28,,$284.28,Bank
Hard Drive,2/28/2014,$38.33,$92.96,Tech,Cash,Bank,-$54.63,,$229.65,CashBank
Watch,7/3/2014,,$37.78,Tech,,Bank,-$37.78,,$191.87,Bank
Tire Swing,10/6/2014,$1.00,,Work,Cash,,$1.00,,$192.87,Cash
Moms DVD,10/31/2014,,$5.00,Gift,,Cash,-$5.00,,$187.87,Cash
Flash Drive,11/5/2014,,$11.00,Tech,,Cash,-$11.00,,$176.87,Cash
Headphones,11/5/2014,,$20.00,Tech,,Cash,-$20.00,,$156.87,Cash
Withdrawal Headphones/ Flashdrive,11/9/2014,$58.87,$58.87,Tech,Cash,Bank,$0.00,,$156.87,CashBank
B-day Party,12/5/2014,$2.00,,Gift,Cash,,$2.00,,$158.87,Cash
Speakers,12/6/2014,,$20.57,Tech,,Cash,-$20.57,,$138.30,Cash
B-day From Swanson,12/7/2014,$10.00,,Gift,Cash,,$10.00,,$148.30,Cash
Christmas Shopping,12/21/2014,,$14.01,Gift,,Visa,-$14.01,,$134.29,Visa
Christmas Shopping,12/21/2014,,$2.17,Gift,,Cash,-$2.17,,$132.12,Cash
Christmas Money from Cambels,12/24/2014,$50.00,,Gift,Cash,,$50.00,,$182.12,Cash
Visa From Mcennas,12/24/2014,$50.00,,Gift,Visa,,$50.00,,$232.12,Visa
Deposit Gma christmas,12/25/2014,$80.03,$80.00,Gift,Bank,Cash,$0.03,,$232.15,BankCash
36 Nerf Darts,1/31/2015,,$5.00,Toys,,Cash,-$5.00,,$227.15,Cash
Jolt,1/31/2015,,$4.83,Toys,,Unpaid,-$4.83,,$222.32,Unpaid
Lego Movie for dad,2/5/2015,,$5.00,Gift,,Visa,-$5.00,,$217.32,Visa
Powerbank,2/5/2015,,$16.21,Tech,,Visa,-$16.21,,$201.11,Visa
Bluetooth Keyboard,2/17/2015,,$10.99,Tech,,Unpaid,-$10.99,,$190.12,Unpaid
Audio Cable,2/17/2015,,$2.85,Tech,,Unpaid,-$2.85,,$187.27,Unpaid
Tims Camera,2/21/2015,,$17.50,Tech,,Unpaid,-$17.50,,$169.77,Unpaid
Tripod,3/3/2015,,$4.98,Tech,,Unpaid,-$4.98,,$164.79,Unpaid
Charging Cable,3/3/2015,,$5.43,Tech,,Unpaid,-$5.43,,$159.36,Unpaid
Withdrawal,3/4/2015,$51.84,$51.80,Misc,Cash,Bank,$0.04,,$159.40,CashBank
Pay Dad,3/4/2015,$15.02,$15.02,Misc,Unpaid,Cash,$0.00,,$159.40,UnpaidCash
Pay Dad,3/4/2015,$14.78,$14.78,Misc,Unpaid,Visa,$0.00,,$159.40,UnpaidVisa
Pay Tim,3/4/2015,$17.50,$17.50,Misc,Unpaid,Cash,$0.00,,$159.40,UnpaidCash
Feed Coxes Cat,3/14/2015,$5.00,,Work,Cash,,$5.00,,$164.40,Cash
Bike,3/15/2015,,$16.57,Toys,,Cash,-$16.57,,$147.83,Cash
Spedometer,3/18/2015,,$10.70,Toys,,Unpaid,-$10.70,,$137.13,Unpaid
Water bottle and holder,3/19/2015,,$7.57,Toys,,Unpaid,-$7.57,,$129.56,Unpaid
Subway Card,4/6/2015,$4.18,,Gift,Cash,,$4.18,,$133.74,Cash
Pay Dad,4/6/2015,$10.70,$10.70,Misc,Unpaid,Cash,$0.00,,$133.74,UnpaidCash
Fence Job,4/11/2015,$8.03,,Work,Cash,,$8.03,,$141.77,Cash
From Bryant,6/2/2015,$1.00,,Work,Cash,,$1.00,,$142.77,Cash
Hard Drive,6/4/2015,,$84.99,Tech,,Unpaid,-$84.99,,$57.78,Unpaid
Withdrawal,7/6/2015,$84.99,$84.99,Misc,Unpaid,Bank,$0.00,,$57.78,UnpaidBank
Camera Case,7/24/2015,,$9.74,Tech,,Cash,-$9.74,,$48.04,Cash
Knex,8/8/2015,,$2.00,Toys,,Cash,-$2.00,,$46.04,Cash
borrow from tim,8/8/2015,$1.55,$1.55,Misc,Cash,Unpaid,$0.00,,$46.04,CashUnpaid
Bank Withdrawal,8/9/2015,$3.00,$3.00,Misc,Cash,Bank,$0.00,,$46.04,CashBank
USB Battery,11/3/2015,,$11.24,Tech,,Cash,-$11.24,,$34.80,Cash
Debate Lunch Money,11/13/2015,$4.01,,Food,Cash,,$4.01,,$38.81,Cash
B-day from Cambels,12/13/2015,$16.00,,Gift,Bank,,$16.00,,$54.81,Bank
B-day From Swansons,12/13/2015,$50.00,,Gift,Bank,,$50.00,,$104.81,Bank
B-day Gift Card,12/21/2015,$25.00,,Gift,Gift Card,,$25.00,,$129.81,Gift Card
Christmas Money from Cambels,12/24/2015,$50.00,,Gift,Unpaid,,$50.00,,$179.81,Unpaid
Christmas Money from Mcennas,12/24/2015,$50.00,$11.58,Gift,Bank,Bank,$38.42,,$218.23,BankBank
Christmas Gift Card,12/24/2015,$50.00,,Gift,Gift Card,,$50.00,,$268.23,Gift Card
Paid Dad Cash,12/24/2015,$6.00,$6.00,Misc,Unpaid,Cash,$0.00,,$268.23,UnpaidCash
Amazon Gift Card,12/24/2015,$75.00,$75.00,Gift,Unpaid,Gift Card,$0.00,,$268.23,UnpaidGift Card
iPod Touch,12/27/2015,,$215.99,Tech,,Unpaid,-$215.99,,$52.24,Unpaid
iPod Case,12/27/2015,,$13.99,Tech,,Unpaid,-$13.99,,$38.25,Unpaid
Screen Protector,12/27/2015,,$7.95,Tech,,Unpaid,-$7.95,,$30.30,Unpaid
Bank Withdrawal,12/27/2015,$107.76,$106.92,Misc,Unpaid,Bank,$0.84,,$31.14,UnpaidBank
Debate Lunch,1/15/2016,$5.00,,Food,Cash,,$5.00,,$36.14,Cash
Yard Work,1/19/2016,$3.00,,Work,Cash,,$3.00,,$39.14,Cash
Bushes Work,7/15/2016,$10.00,,Work,Cash,,$10.00,,$49.14,Cash
Feed Cats,7/30/2016,$10.01,,Work,Cash,,$10.01,,$59.15,Cash
Bryant noodles,8/10/2016,$4.00,,Work,Cash,,$4.00,,$63.15,Cash
Dell Monitor,8/10/2016,,$5.99,Tech,,Cash,-$5.99,,$57.16,Cash
VGA Cable,8/10/2016,,$1.99,Tech,,Cash,-$1.99,,$55.17,Cash
HDMI to VGA Converter,8/10/2016,,$7.50,Tech,,Cash,-$7.50,,$47.67,Cash
Indoor/Outdoor thermometer,8/10/2016,,$0.05,Tech,,Cash,-$0.05,,$47.62,Cash
USB mini cable,8/10/2016,,$1.80,Tech,,Cash,-$1.80,,$45.82,Cash
Bluetooth Mouse,8/13/2016,,$7.89,Tech,,Cash,-$7.89,,$37.93,Cash
Thunderbolt to VGA adapter,8/13/2016,,$5.85,Tech,,Cash,-$5.85,,$32.08,Cash
Bluetooth Mouse,9/5/2016,$7.89,$7.89,Tech,Cash,Cash,$0.00,,$32.08,CashCash
Window Job,9/19/2016,$20.00,,Work,Bank,,$20.00,,$52.08,Bank
Brick Job,10/9/2016,$20.00,,Work,Bank,,$20.00,,$72.08,Bank
Apareous Raking Leaves,11/27/2016,$25.00,,Work,Bank,,$25.00,,$97.08,Bank
Leadership Christmas Party Gift,12/4/2016,,$4.97,Gift,,Cash,-$4.97,,$92.11,Cash
Raking leaves,12/10/2016,$20.00,,Work,Cash,,$20.00,,$112.11,Cash
B Day <-- Swanson Gparents,12/12/2016,$50.00,,Gift,Cash,,$50.00,,$162.11,Cash
Christmas Shopping,12/17/2016,$3.00,$16.24,Gift,Cash,Cash,-$13.24,,$148.87,CashCash
B Day <-- Cambell Gparents,12/17/2016,$17.00,,Gift,Bank,,$17.00,,$165.87,Bank
C-mas C Gparants,12/25/2016,$50.00,,Gift,Bank,,$50.00,,$215.87,Bank
C-mas Mkennas,12/25/2016,$50.00,,Gift,Visa,,$50.00,,$265.87,Visa
Keyboard Cover,1/15/2017,,$0.99,Tech,,Visa,-$0.99,,$264.88,Visa
Magsafe Power Supply,1/15/2017,,$22.95,Tech,,Visa,-$22.95,,$241.93,Visa
Speedomoter Batteries,1/15/2017,,$0.99,Tech,,Visa,-$0.99,,$240.94,Visa
Watch Band,1/15/2017,,$5.99,Tech,,Visa,-$5.99,,$234.95,Visa
Wire Splitter,1/31/2017,,$1.99,Tech,,Visa,-$1.99,,$232.96,Visa
Y Splitter,1/31/2017,,$2.98,Tech,,Visa,-$2.98,,$229.98,Visa
25ft Audio Cable,1/31/2017,,$2.98,Tech,,Visa,-$2.98,,$227.00,Visa
iPhone Screen Protector,2/6/2017,,$0.99,Tech,,Visa,-$0.99,,$226.01,Visa
Raking leaves,3/2/2017,$50.00,,Work,Bank,,$50.00,,$276.01,Bank
Breadboard,3/13/2017,,$3.95,Education,,Visa,-$3.95,,$272.06,Visa
Components,3/16/2017,,$15.28,Education,,Cash,-$15.28,,$256.78,Cash
More Components,5/19/2017,$13.94,$17.83,Education,Cash,Bank,-$3.89,,$252.89,CashBank
Branches Job,5/20/2017,$8.00,,Work,Bank,,$8.00,,$260.89,Bank
Monitor,6/13/2017,$0.08,$79.99,Tech,Bank,Bank,-$79.91,,$172.98,BankBank
Keyboard,6/13/2017,,$14.88,Tech,,Bank,-$14.88,,$158.10,Bank
Mouse,6/13/2017,,$13.80,Tech,,Bank,-$13.80,,$144.30,Bank
Hub,6/13/2017,,$9.99,Tech,,Bank,-$9.99,,$134.31,Bank
6-16 Paycheck,6/16/2017,$454.60,$1.20,Work,Bank,Bank,$453.40,,$587.71,BankBank
6-29 Paycheck,6/29/2017,$488.62,,Work,Bank,,$488.62,,$1076.33,Bank
Double Shift,7/9/2017,$20.00,,Work,Cash,,$20.00,,$1096.33,Cash
7-15 Paycheck,7/14/2017,$485.64,,Work,Bank,,$485.64,,$1581.97,Bank
Batteries,7/16/2017,,$4.27,Tech,,Bank,-$4.27,,$1577.70,Bank
Pi & Accessories,7/16/2017,,$64.00,Education,,Cash,-$64.00,,$1513.70,Cash
7-28 Paycheck,7/28/2017,$490.11,-$1.00,Work,Bank,Cash,$491.11,,$2004.81,BankCash
Feed Cats,7/29/2017,$10.00,,Work,Cash,,$10.00,,$2014.81,Cash
8-11 Paycheck,8/11/2017,$473.69,,Work,Bank,,$473.69,,$2488.50,Bank
8-25 Paycheck,8/25/2017,$55.24,,Work,Bank,,$55.24,,$2543.74,Bank
9-7 Paycheck,9/8/2017,$80.35,,Work,Bank,,$80.35,,$2624.09,Bank
9-22 Paycheck,9/22/2017,$137.26,,Work,Bank,,$137.26,,$2761.35,Bank
Football Ticket,9/22/2017,,$3.00,Entertainment,,Cash,-$3.00,,$2758.35,Cash
10-6 Paycheck ,10/6/2017,$53.56,,Work,Bank,,$53.56,,$2811.91,Bank
Debate Lunch,10/14/2017,$8.82,,Food,Cash,,$8.82,,$2820.73,Cash
10-20 Paycheck,10/20/2017,$51.90,,Work,Bank,,$51.90,,$2872.63,Bank
Dry Erase Paper/Markers,11/9/2017,,$22.40,Office Supplies,,Bank,-$22.40,,$2850.23,Bank
Flash Drive,11/9/2017,,$8.68,Tech,,Bank,-$8.68,,$2841.55,Bank
Personalized Pens,11/9/2017,,$12.16,Office Supplies,,Bank,-$12.16,,$2829.39,Bank
Personalized Pencil,11/9/2017,,$15.00,Office Supplies,,Bank,-$15.00,,$2814.39,Bank
Tim Amazon,11/15/2017,$9.30,$9.30,Misc,Cash,Bank,$0.00,,$2814.39,CashBank
Cans,11/20/2017,,$2.50,Gift,,Cash,-$2.50,,$2811.89,Cash
12-1 Paycheck,12/1/2017,$40.17,,Work,Bank,,$40.17,,$2852.06,Bank
Christmas Presents-Walmart,12/2/2017,,$67.83,Gift,,Bank,-$67.83,,$2784.23,Bank
Tim Hub,12/4/2017,,$7.00,Gift,,Bank,-$7.00,,$2777.23,Bank
Yearbook,12/6/2017,,$72.00,Entertainment,,Bank,-$72.00,,$2705.23,Bank
Mom B-Day Yeabook,12/7/2017,$36.00,,Gift,Cash,,$36.00,,$2741.23,Cash
Gparents Swanson B-Day,12/7/2017,$50.00,,Gift,Cash,,$50.00,,$2791.23,Cash
Wireless Desk Charger,12/8/2017,,$17.13,Tech,,Bank,-$17.13,,$2774.10,Bank
Spotify,12/9/2017,,$1.07,Entertainment,,Bank,-$1.07,,$2773.03,Bank
Amazon Gift Card From Dad,12/10/2017,$25.00,,Gift,Gift Card,,$25.00,,$2798.03,Gift Card
Mouspads,12/11/2017,,$28.21,Gift,,Bank,-$28.21,,$2769.82,Bank
Drivers License,12/11/2017,,$25.00,Fees,,Cash,-$25.00,,$2744.82,Cash
Angel Tree & Secret Santa,12/15/2017,$31.12,$62.81,Gift,Cash,Bank,-$31.69,,$2713.13,CashBank
Chickfillet,12/15/2017,,$8.00,Food,,Cash,-$8.00,,$2705.13,Cash
Gparents Cambel B-Day,12/15/2017,$18.00,,Gift,Bank,,$18.00,,$2723.13,Bank
Mrs. Sue Christmas,12/17/2017,$10.00,,Gift,Cash,,$10.00,,$2733.13,Cash
Router,12/20/2017,,$15.00,Tech,,Cash,-$15.00,,$2718.13,Cash
Star Wars Ticket,12/23/2017,,$5.50,Entertainment,,Cash,-$5.50,,$2712.63,Cash
Gparents Swanson Christmas,12/23/2017,$50.00,,Gift,Bank,,$50.00,,$2762.63,Bank
Gparents Cambel Christmas,12/25/2017,$50.00,,Gift,Bank,,$50.00,,$2812.63,Bank
VHS Extra Food Money,12/31/2017,$16.16,,Food,Cash,,$16.16,,$2828.79,Cash
Matriculation Fee,1/7/2018,,$200.00,Direct College,,Bank,-$200.00,,$2628.79,Bank
1-12 Paycheck,1/12/2018,$110.48,,Work,Bank,,$110.48,,$2739.27,Bank
Gas,2/4/2018,,$10.01,Transportation,,Bank,-$10.01,,$2729.26,Bank
USB to Ethernet Adapter,2/5/2018,,$15.14,Tech,,Bank,-$15.14,,$2714.12,Bank
Bio Trip,2/8/2018,,$25.00,Food,,Cash,-$25.00,,$2689.12,Cash
2-9 Paycheck,2/9/2018,$120.51,,Work,Bank,,$120.51,,$2809.63,Bank
TU CS & HG Interview Trip,2/22/2018,$500.00,$500.00,Travel,Bank,Bank,$0.00,,$2809.63,BankBank
Walmart Trip,3/3/2018,$14.50,$29.74,Food,Cash,Bank,-$15.24,,$2794.39,CashBank
Bio Trip,3/7/2018,,$3.00,Food,,Cash,-$3.00,,$2791.39,Cash
3-9 Paycheck,3/9/2018,$41.85,,Work,Bank,,$41.85,,$2833.24,Bank
Spotify,3/12/2018,,$10.81,Entertainment,,Bank,-$10.81,,$2822.43,Bank
iPhone 7 128G,3/16/2018,,$424.62,Tech,,Bank,-$424.62,,$2397.81,Bank
iPhone 7 128G,3/16/2018,,$25.00,Tech,,Gift Card,-$25.00,,$2372.81,Gift Card
Screen Protector,3/16/2018,,$8.99,Tech,,Bank,-$8.99,,$2363.82,Bank
Case,3/16/2018,,$13.95,Tech,,Bank,-$13.95,,$2349.87,Bank
3-23 Paycheck,3/26/2018,$43.52,,Work,Bank,,$43.52,,$2393.39,Bank
Tax Refund,3/28/2018,$176.39,,Work,Bank,,$176.39,,$2569.78,Bank
Movie Ticket,3/31/2018,,$5.50,Entertainment,,Cash,-$5.50,,$2564.28,Cash
4-6 Paycheck,4/6/2018,$90.39,,Work,Bank,,$90.39,,$2654.67,Bank
Class Dues,4/7/2018,,$20.00,Entertainment,,Cash,-$20.00,,$2634.67,Cash
Prius Gas,4/8/2018,$6.84,$16.89,Transportation,Cash,Bank,-$10.05,,$2624.62,CashBank
Chickfillet,4/8/2018,,$8.00,Food,,Cash,-$8.00,,$2616.62,Cash
Lightning to 3.5mm,4/9/2018,,$9.74,Tech,,Bank,-$9.74,,$2606.88,Bank
Spotify,4/10/2018,,$5.40,Entertainment,,Bank,-$5.40,,$2601.48,Bank
Bubble Soccer,4/13/2018,,$10.00,Entertainment,,Cash,-$10.00,,$2591.48,Cash
4-20 Paycheck,4/20/2018,$50.22,,Work,Bank,,$50.22,,$2641.70,Bank
Lockheed Martin,4/21/2018,$16.00,,Food,Cash,,$16.00,,$2657.70,Cash
CS AP Test,4/23/2018,,$53.00,Education,,Bank,-$53.00,,$2604.70,Bank
UIL State Food,5/5/2018,$43.00,,Food,Cash,,$43.00,,$2647.70,Cash
UIL State McDonalds,5/5/2018,,$8.65,Food,,Bank,-$8.65,,$2639.05,Bank
Tiger Creek,5/7/2018,,$6.50,Entertainment,,Cash,-$6.50,,$2632.55,Cash
Walmart Trip,5/7/2018,$11.00,$20.81,Food,Cash,Bank,-$9.81,,$2622.74,CashBank
Spotify,5/10/2018,,$5.40,Entertainment,,Bank,-$5.40,,$2617.34,Bank
Tercel Gas,5/12/2018,,$16.13,Transportation,,Bank,-$16.13,,$2601.21,Bank
McDonalds,5/18/2018,,$4.27,Food,,Bank,-$4.27,,$2596.94,Bank
5-18 Paycheck,5/18/2018,$46.87,,Work,Bank,,$46.87,,$2643.81,Bank
Grad Tickets,5/25/2018,$5.75,,Food,Cash,,$5.75,,$2649.56,Cash
Mom & Dad Graduation Gift,5/26/2018,$20.00,,Gift,Cash,,$20.00,,$2669.56,Cash
Grandparents Campbell Grad Gift,5/26/2018,$100.00,,Gift,Bank,,$100.00,,$2769.56,Bank
6-1 Paycheck,6/1/2018,$90.40,,Work,Bank,,$90.40,,$2859.96,Bank
Deposit,6/3/2018,$120.00,$120.00,Misc,Bank,Cash,$0.00,,$2859.96,BankCash
6-15 Paycheck,6/15/2018,$355.58,,Work,Bank,,$355.58,,$3215.54,Bank
Screen Protector,6/16/2018,,$7.99,Tech,,Bank,-$7.99,,$3207.55,Bank
Charging Cables,6/16/2018,,$9.99,Tech,,Bank,-$9.99,,$3197.56,Bank
Bluetooth Headphones,6/16/2018,,$14.43,Tech,,Bank,-$14.43,,$3183.13,Bank
Grandpa Flowers,6/16/2018,,$8.00,Gift,,Cash,-$8.00,,$3175.13,Cash
Apple Subscription,6/16/2018,,$5.40,Entertainment,,Cash,-$5.40,,$3169.73,Cash
Incredibles 2 Ticket,6/17/2018,,$6.22,Entertainment,,Bank,-$6.22,,$3163.51,Bank
Fathers Day Ticket,6/17/2018,,$6.22,Gift,,Bank,-$6.22,,$3157.29,Bank
Darkest Hour-Vudu,6/22/2018,,$2.98,Gift,,Bank,-$2.98,,$3154.31,Bank
Gas,6/28/2018,$40.00,$40.44,Transportation,Cash,Bank,-$0.44,,$3153.87,CashBank
6-28 Paycheck,6/28/2018,$194.16,,Work,Bank,,$194.16,,$3348.03,Bank
Apple Subscription,7/3/2018,,$5.40,Entertainment,,Bank,-$5.40,,$3342.63,Bank
7-13 Paycheck,7/13/2018,$501.85,,Work,Bank,,$501.85,,$3844.48,Bank
Whatz Up,7/14/2018,$10.00,$32.48,Entertainment,Cash,Discover,-$22.48,,$3822.00,CashDiscover
Sonic,7/14/2018,,$1.79,Food,,Discover,-$1.79,,$3820.21,Discover
Odyssey Gas,7/16/2018,,$36.16,Transportation,,Bank,-$36.16,,$3784.05,Bank
Passport Photo,7/18/2018,,$8.05,Fees,,Discover,-$8.05,,$3776.00,Discover
Taylor Semester 1,7/22/2018,,$104.50,Direct College,,Bank,-$104.50,,$3671.50,Bank
2018 iPad 32GB,7/22/2018,,$334.49,Ed Tech,,Discover,-$334.49,,$3337.01,Discover
Apple Pencil,7/22/2018,,$96.34,Ed Tech,,Discover,-$96.34,,$3240.67,Discover
iPad Accessories,7/22/2018,,$8.98,Ed Tech,,Discover,-$8.98,,$3231.69,Discover
Ally Interest Checking Deposit,7/24/2018,$50.00,$50.00,Misc,Checking,Bank,$0.00,,$3231.69,CheckingBank
Ally Savings Deposit,7/24/2018,$3540.42,$3540.42,Misc,Savings,Bank,$0.00,,$3231.69,SavingsBank
Notability,7/26/2018,,$10.81,Ed Tech,,Bank,-$10.81,,$3220.88,Bank
Paycheck,7/27/2018,$459.30,,Work,Bank,,$459.30,,$3680.18,Bank
Pay Tim For iPad,7/28/2018,,$25.00,Ed Tech,,Checking,-$25.00,,$3655.18,Checking
Goodwill Clothes,7/29/2018,,$11.00,Clothes,,Discover,-$11.00,,$3644.18,Discover
Feed Cat,7/29/2018,$10.00,,Work,Savings,,$10.00,,$3654.18,Savings
Passport Fees,7/30/2018,$111.20,$257.40,Fees,Savings,Bank,-$146.20,,$3507.98,SavingsBank
Transfer,7/30/2018,$25.00,$25.00,Misc,Checking,Savings,$0.00,,$3507.98,CheckingSavings
Apple Subscription,8/3/2018,,$5.40,Entertainment,,Bank,-$5.40,,$3502.58,Bank
RTL&C Scholarship,8/8/2018,$1000.00,,Gift,Savings,,$1000.00,,$4502.58,Savings
Van Gas,8/8/2018,,$4.88,Transportation,,Discover,-$4.88,,$4497.70,Discover
8-10 Paycheck,8/10/2018,$492.90,,Work,Savings,,$492.90,,$4990.60,Savings
Interest,8/11/2018,$2.79,,Interest ,Savings,,$2.79,,$4993.39,Savings
Bluetooth Keyboard,8/13/2018,,$25.97,Ed Tech,,Discover,-$25.97,,$4967.42,Discover
Audible,8/13/2018,,$16.18,Entertainment,,Bank,-$16.18,,$4951.24,Bank
Liz Borrow for College,8/18/2018,$2454.22,$2454.22,Misc,Liz,Savings,$0.00,,$4951.24,LizSavings
Discover Payment,8/21/2018,$523.98,$518.67,Interest ,Discover,Savings,$5.31,,$4956.55,DiscoverSavings
School Shopping @ Walmart,8/21/2018,,$33.91,Groceries,,Discover,-$33.91,,$4922.64,Discover
Computer Science Distilled,8/23/2018,,$19.00,Textbook,,Discover,-$19.00,,$4903.64,Discover
Amazon Textbooks,8/23/2018,,$75.55,Textbook,,Discover,-$75.55,,$4828.09,Discover
Paycheck,8/24/2018,$401.85,,Work,Savings,,$401.85,,$5229.94,Savings
BIB LIT Books,8/24/2018,,$38.51,Textbook,,Discover,-$38.51,,$5191.43,Discover
Ethernet cable,8/27/2018,,$9.99,Tech,,Discover,-$9.99,,$5181.44,Discover
Interpersonal Speaking Textbook,8/27/2018,,$48.57,Textbook,,Bank,-$48.57,,$5132.87,Bank
IAS 110 Workbook,8/28/2018,,$5.34,Textbook,,Discover,-$5.34,,$5127.53,Discover
Essentials of Discrete Math Textbook,8/31/2018,,$10.69,Textbook,,Discover,-$10.69,,$5116.84,Discover
Turning Pt 1-Yr Sub,8/31/2018,,$24.99,Textbook,,Discover,-$24.99,,$5091.85,Discover
Black Panther,9/1/2018,,$5.40,Entertainment,,Discover,-$5.40,,$5086.45,Discover
iPhone Case,9/2/2018,,$16.04,Tech,,Discover,-$16.04,,$5070.41,Discover
Apple Subscription ,9/3/2018,,$5.40,Entertainment,,Discover,-$5.40,,$5065.01,Discover
TrojanSec Bowling,9/7/2018,,$8.00,Entertainment,,Cash,-$8.00,,$5057.01,Cash
Notability Mac,9/10/2018,,$10.81,Ed Tech,,Discover,-$10.81,,$5046.20,Discover
Interest,9/10/2018,$5.15,,Interest ,Savings,,$5.15,,$5051.35,Savings
CS Retreat,9/11/2018,$250.00,$250.00,Fees,TU Account,Savings,$0.00,,$5051.35,TU AccountSavings
Pizza,9/14/2018,,$2.00,Food,,Checking,-$2.00,,$5049.35,Checking
Incredibles 2,9/15/2018,,$2.00,Entertainment,,Cash,-$2.00,,$5047.35,Cash
MuKappa Retreat,9/18/2018,$5.00,$20.00,Fees,Checking,Cash,-$15.00,,$5032.35,CheckingCash
AP Credit,9/20/2018,,$240.00,Fees,,TU Account,-$240.00,,$4792.35,TU Account
Discover Cashback,9/22/2018,$2.45,,Interest ,Discover,,$2.45,,$4794.80,Discover
Discover Payment,9/22/2018,$242.37,$242.37,Misc,Discover,Savings,$0.00,,$4794.80,DiscoverSavings
Solo,9/22/2018,$1.50,$3.00,Entertainment,Checking,Cash,-$1.50,,$4793.30,CheckingCash
Soap/Shampoo,9/22/2018,,$5.25,Cosmetics,,Discover,-$5.25,,$4788.05,Discover
Haircut,9/22/2018,,$18.27,Cosmetics,,Discover,-$18.27,,$4769.78,Discover
Amazon Bike Stuff,9/25/2018,,$26.50,Transportation,,Discover,-$26.50,,$4743.28,Discover
Bike Tool Kit,9/25/2018,,$18.16,Transportation,,Discover,-$18.16,,$4725.12,Discover
Bible,9/25/2018,,$12.90,Education,,Discover,-$12.90,,$4712.22,Discover
Cosmetics,9/25/2018,,$15.52,Cosmetics,,Discover,-$15.52,,$4696.70,Discover
Bike Handles,9/25/2018,,$6.99,Transportation,,Discover,-$6.99,,$4689.71,Discover
Highlighters,9/25/2018,,$2.96,Education,,Discover,-$2.96,,$4686.75,Discover
Apple Subscription,10/3/2018,,$5.40,Entertainment,,Discover,-$5.40,,$4681.35,Discover
Interest,10/10/2018,$3.31,,Interest ,Savings,,$3.31,,$4684.66,Savings
Scarf,10/15/2018,,$6.99,Clothes,,Discover,-$6.99,,$4677.67,Discover
Wrench,10/15/2018,,$12.20,Transportation,,Discover,-$12.20,,$4665.47,Discover
Tire Patches,10/15/2018,,$5.72,Transportation,,Discover,-$5.72,,$4659.75,Discover
Honors Symphony Event,10/16/2018,,$5.00,Entertainment,,Cash,-$5.00,,$4654.75,Cash
Unaccounted $5,10/17/2018,,$5.00,Misc,,Cash,-$5.00,,$4649.75,Cash
FOSO Soccer Team,10/19/2018,,$5.79,Fees,,Discover,-$5.79,,$4643.96,Discover
Gerig Soccer Team,10/21/2018,,$5.79,Fees,,Discover,-$5.79,,$4638.17,Discover
Audible,10/27/2018,,$16.18,Entertainment,,Discover,-$16.18,,$4621.99,Discover
Skyzone,10/27/2018,,$19.00,Entertainment,,Discover,-$19.00,,$4602.99,Discover
Culvers-Ice Cream,10/27/2018,,$3.99,Food,,Discover,-$3.99,,$4599.00,Discover
Derek Soccer,10/30/2018,$5.79,$5.79,Misc,Cash,Discover,$0.00,,$4599.00,CashDiscover
Adrian,10/30/2018,,$10.00,Tithe (Legal),,Cash,-$10.00,,$4589.00,Cash
Bowling,11/2/2018,,$7.50,Entertainment,,Discover,-$7.50,,$4581.50,Discover
Apple Subscription,11/3/2018,,$5.40,Entertainment,,Discover,-$5.40,,$4576.10,Discover
Interest,11/10/2018,$3.32,,Interest ,Savings,,$3.32,,$4579.42,Savings
Credit Card Payment,11/17/2018,$147.67,$147.67,Misc,Discover,Savings,$0.00,,$4579.42,DiscoverSavings
Into the woods,11/18/2018,,$20.00,Entertainment,,Discover,-$20.00,,$4559.42,Discover
Apple Subscription,11/23/2018,$100.00,$80.00,Entertainment,Gift Card,Discover,$20.00,,$4579.42,Gift CardDiscover
Chuys Mexican Restaurant,11/23/2018,,$6.40,Food,,Discover,-$6.40,,$4573.02,Discover
Becky & Ed Christmas Gift,11/24/2018,,$10.00,Gift,,Cash,-$10.00,,$4563.02,Cash
Thanksgiving Gas Money,11/25/2018,,$5.00,Transportation,,Cash,-$5.00,,$4558.02,Cash
Screen Protector,11/26/2018,,$8.99,Tech,,Discover,-$8.99,,$4549.03,Discover
Bluetooth Speaker,11/26/2018,,$27.99,Tech,,Discover,-$27.99,,$4521.04,Discover
Apple Watch,11/26/2018,$50.00,$327.13,Tech,Gift Card,Discover,-$277.13,,$4243.91,Gift CardDiscover
Gerig Sweatshirt for Tim,11/26/2018,,$20.33,Gift,,Discover,-$20.33,,$4223.58,Discover
Transfer,11/27/2018,$170.94,$170.94,Misc,Savings,Bank,$0.00,,$4223.58,SavingsBank
Train Ticket,11/27/2018,$90.00,$90.00,Travel,Savings,Discover,$0.00,,$4223.58,SavingsDiscover
Apple Subscription,12/3/2018,,$5.40,Entertainment,,Gift Card,-$5.40,,$4218.18,Gift Card
Duffel Bag,12/9/2018,,$27.25,Travel,,Discover,-$27.25,,$4190.93,Discover
Interest,12/10/2018,$3.30,,Interest ,Savings,,$3.30,,$4194.23,Savings
Rice Pilaf,12/11/2018,,$1.00,Entertainment,,Cash,-$1.00,,$4193.23,Cash
Withdrawal ,12/13/2018,$40.00,$43.00,Misc,Cash,Checking,-$3.00,,$4190.23,CashChecking
Gas Money,12/14/2018,$10.00,$10.00,Travel,Savings,Checking,$0.00,,$4190.23,SavingsChecking
Train Ticket,12/15/2018,$112.00,$112.00,Travel,Savings,Discover,$0.00,,$4190.23,SavingsDiscover
Bday from Swanson G Parents,12/16/2018,$50.00,,Gift,Cash,,$50.00,,$4240.23,Cash
Discover Payment,12/17/2018,$89.44,$89.44,Misc,Discover,Savings,$0.00,,$4240.23,DiscoverSavings
Discover Payment,12/17/2018,$588.09,$582.45,Misc,Discover,Savings,$5.64,,$4245.87,DiscoverSavings
Transfer,12/17/2018,$100.00,$100.00,Misc,Checking,Savings,$0.00,,$4245.87,CheckingSavings
Yard Work,12/19/2018,$5.00,,Work,Cash,,$5.00,,$4250.87,Cash
Dirt Cheap Christmas,12/21/2018,,$5.83,Gift,,Discover,-$5.83,,$4245.04,Discover
Walmart Christmas,12/21/2018,,$17.02,Gift,,Discover,-$17.02,,$4228.02,Discover
Walmart General,12/21/2018,,$15.70,Groceries,,Discover,-$15.70,,$4212.32,Discover
Amazon Chrismas,12/21/2018,,$22.72,Gift,,Discover,-$22.72,,$4189.60,Discover
McKenna Christmas,12/21/2018,$50.00,,Gift,Checking,,$50.00,,$4239.60,Checking
Liz Repay,12/21/2018,$2454.22,$2454.22,Misc,Savings,Liz,$0.00,,$4239.60,SavingsLiz
Spiderman Ticket,12/26/2018,,$1.50,Entertainment,,Discover,-$1.50,,$4238.10,Discover
Cambel Christmas Gift,12/26/2018,$50.00,,Gift,Savings,,$50.00,,$4288.10,Savings
J-Term & Spring Bill,12/28/2018,,$10.00,Direct College,,TU Account,-$10.00,,$4278.10,TU Account
Battery Case,12/28/2018,,$19.99,Tech,,Discover,-$19.99,,$4258.11,Discover
Tim Half of EOT Book,12/29/2018,$12.29,,Textbook,Savings,,$12.29,,$4270.40,Savings
Vindicating the Vixens,12/29/2018,,$17.19,Textbook,,Discover,-$17.19,,$4253.21,Discover
J-Term & Spring Bill,1/1/2019,,$1147.50,Direct College,,Savings,-$1147.50,,$3105.71,Savings
Gatorade,1/1/2019,,$1.35,Food,,Discover,-$1.35,,$3104.36,Discover
Jake Driving,1/1/2019,$10.00,$10.00,Travel,Savings,Checking,$0.00,,$3104.36,SavingsChecking
Mr. Cox Gift,1/1/2019,$10.00,,Gift,Cash,,$10.00,,$3114.36,Cash
Food,1/2/2019,,$6.09,Food,,Discover,-$6.09,,$3108.27,Discover
Apple Subscription,1/3/2019,,$5.40,Entertainment,,Gift Card,-$5.40,,$3102.87,Gift Card
Pilence Parts,1/7/2019,,$11.07,Ed Tech,,Discover,-$11.07,,$3091.80,Discover
ATM Fee Reimbursement,1/10/2019,$3.01,,Misc,Checking,,$3.01,,$3094.81,Checking
Interest,1/10/2019,$4.88,,Interest ,Savings,,$4.88,,$3099.69,Savings
Payment,1/15/2019,$112.00,$112.00,Misc,Discover,Savings,$0.00,,$3099.69,DiscoverSavings
China Trip Spending Money,1/23/2019,,$50.00,Groceries,,Cash,-$50.00,,$3049.69,Cash
Hair Gel,1/23/2019,$10.78,$21.05,Cosmetics,Checking,Discover,-$10.27,,$3039.42,CheckingDiscover
Gerig Lasertag,1/26/2019,$0.01,$18.00,Entertainment,Checking,Checking,-$17.99,,$3021.43,CheckingChecking
Alexanders Ice cream,1/26/2019,,$5.88,Food,,Discover,-$5.88,,$3015.55,Discover
Calc II Workbook,1/28/2019,,$6.41,Textbook,,Discover,-$6.41,,$3009.14,Discover
ZYBook,1/28/2019,,$61.83,Textbook,,Discover,-$61.83,,$2947.31,Discover
The Linux Command Line,1/28/2019,,$25.97,Textbook,,Discover,-$25.97,,$2921.34,Discover
Don’t make me think,1/28/2019,,$22.72,Textbook,,Discover,-$22.72,,$2898.62,Discover
Student ID,2/1/2019,,$15.00,Fees,,TU Account,-$15.00,,$2883.62,TU Account
Tim pay for CS Distilled & Tanack,2/2/2019,$15.51,,Textbook,Checking,,$15.51,,$2899.13,Checking
Calc II Textbook,2/4/2019,,$12.83,Textbook,,Discover,-$12.83,,$2886.30,Discover
Apple Misic,2/4/2019,,$5.40,Entertainment,,Gift Card,-$5.40,,$2880.90,Gift Card
The Prestige,2/10/2019,,$3.18,Entertainment,,Checking,-$3.18,,$2877.72,Checking
Interest,2/11/2019,$4.75,,Interest ,Savings,,$4.75,,$2882.47,Savings
China Program,2/11/2019,,$15.00,Tithe (Legal),,Cash,-$15.00,,$2867.47,Cash
Discover Payment,2/15/2019,$118.46,$118.46,Misc,Discover,Savings,$0.00,,$2867.47,DiscoverSavings
Taylor Paycheck,2/22/2019,$83.74,,Work,Savings,,$83.74,,$2951.21,Savings
Gas Money,2/23/2019,,$2.00,Transportation,,Cash,-$2.00,,$2949.21,Cash
Nostalgia Night,2/23/2019,,$5.00,Entertainment,,Cash,-$5.00,,$2944.21,Cash
Amazon Cosmetics,2/23/2019,,$32.89,Cosmetics,,Discover,-$32.89,,$2911.32,Discover
Tax Refund,2/26/2019,$99.27,,Work,Savings,,$99.27,,$3010.59,Savings
Apple Subscription,3/5/2019,,$5.40,Entertainment,,Gift Card,-$5.40,,$3005.19,Gift Card
Eniagram,3/8/2019,,$10.00,Entertainment,,Discover,-$10.00,,$2995.19,Discover
Taylor Paycheck,3/8/2019,$112.04,,Work,Savings,,$112.04,,$3107.23,Savings
IKEA PAD food,3/9/2019,,$6.20,Food,,Discover,-$6.20,,$3101.03,Discover
IKEA PAD gas,3/9/2019,,$5.00,Transportation,,Cash,-$5.00,,$3096.03,Cash
Interest,3/10/2019,$4.39,,Interest ,Savings,,$4.39,,$3100.42,Savings
Spring Break Housing,3/14/2019,,$50.00,Direct College,,TU Account,-$50.00,,$3050.42,TU Account
Spring Break Groceries,3/16/2019,$21.61,$49.76,Groceries,Checking,Discover,-$28.15,,$3022.27,CheckingDiscover
Taylor Payment,3/18/2019,$65.00,$65.00,Misc,TU Account,Checking,$0.00,,$3022.27,TU AccountChecking
Discover Payment,3/18/2019,$156.69,$156.69,Misc,Discover,Savings,$0.00,,$3022.27,DiscoverSavings
Pi Parts,3/20/2019,,$28.92,Ed Tech,,Discover,-$28.92,,$2993.35,Discover
Alfred,3/20/2019,,$31.56,Tech,,Discover,-$31.56,,$2961.79,Discover
AEC 350 Materials,3/22/2019,,$16.03,Textbook,,Discover,-$16.03,,$2945.76,Discover
Star Trek Rental,3/22/2019,,$3.18,Entertainment,,Discover,-$3.18,,$2942.58,Discover
Taylor Paycheck,3/22/2019,$129.16,,Work,Savings,,$129.16,,$3071.74,Savings
Ultimate Frisbee Fee,3/27/2019,,$5.79,Fees,,Discover,-$5.79,,$3065.95,Discover
Airband,3/30/2019,,$5.00,Entertainment,,Cash,-$5.00,,$3060.95,Cash
"Headphones, Lamp",3/31/2019,,$29.72,Tech,,Discover,-$29.72,,$3031.23,Discover
Apple Subscription,4/3/2019,,$5.40,Entertainment,,Gift Card,-$5.40,,$3025.83,Gift Card
Taylor Paycheck,4/5/2019,$72.13,,Work,Savings,,$72.13,,$3097.96,Savings
Interest,4/10/2019,$5.50,,Interest ,Savings,,$5.50,,$3103.46,Savings
Rice Pilaf,4/12/2019,,$1.00,Entertainment,,Cash,-$1.00,,$3102.46,Cash
Dumpling House,4/13/2019,,$5.00,Food,,Cash,-$5.00,,$3097.46,Cash
Mosaic Night,4/13/2019,,$5.00,Food,,Cash,-$5.00,,$3092.46,Cash
[Unknown],4/13/2019,,$10.00,Misc,,Cash,-$10.00,,$3082.46,Cash
Withdrawal,4/15/2019,$40.00,$39.99,Misc,Cash,Checking,$0.01,,$3082.47,CashChecking
Discover Payment,4/16/2019,$98.85,$98.85,Misc,Discover,Savings,$0.00,,$3082.47,DiscoverSavings
Taylor Paycheck,4/19/2019,$72.98,,Work,Savings,,$72.98,,$3155.45,Savings
Inner Tube,4/23/2019,,$9.95,Transportation,,Discover,-$9.95,,$3145.50,Discover
End Game Ticket,4/24/2019,,$8.19,Entertainment,,Discover,-$8.19,,$3137.31,Discover
Haircut,4/29/2019,,$11.00,Cosmetics,,Discover,-$11.00,,$3126.31,Discover
Honors Trip to Indi Art Meusam,5/3/2019,,$5.00,Entertainment,,Cash,-$5.00,,$3121.31,Cash
Taylor Paycheck,5/3/2019,$109.02,,Work,Savings,,$109.02,,$3230.33,Savings
Apple Subscription,5/6/2019,,$5.40,Entertainment,,Gift Card,-$5.40,,$3224.93,Gift Card
Advanced Payment,5/7/2019,$100.00,$100.00,Misc,TU Account,Savings,$0.00,,$3224.93,TU AccountSavings
iHop Trip,5/8/2019,,$7.40,Food,,Discover,-$7.40,,$3217.53,Discover
Advance Taylor Payment,5/8/2019,,$100.00,Direct College,,TU Account,-$100.00,,$3117.53,TU Account
Summer Housing,5/9/2019,,$460.00,Housing,,TU Account,-$460.00,,$2657.53,TU Account
Interest,5/10/2019,$5.46,,Interest ,Savings,,$5.46,,$2662.99,Savings
Local Groceries,5/10/2019,,$7.77,Groceries,,Discover,-$7.77,,$2655.22,Discover
Grace Gas Cash,5/12/2019,,$10.00,Transportation,,Cash,-$10.00,,$2645.22,Cash
Indian Lunch,5/12/2019,,$14.89,Food,,Discover,-$14.89,,$2630.33,Discover
Discover Payment,5/16/2019,$510.19,$510.19,Misc,Discover,Savings,$0.00,,$2630.33,DiscoverSavings
Taylor Paycheck,5/17/2019,$82.71,,Work,Savings,,$82.71,,$2713.04,Savings
Goodwill Clothes,5/18/2019,,$4.80,Clothes,,Discover,-$4.80,,$2708.24,Discover
Walmart Clothes,5/18/2019,,$45.72,Clothes,,Discover,-$45.72,,$2662.52,Discover
Walmart Groceries,5/18/2019,,$37.28,Groceries,,Discover,-$37.28,,$2625.24,Discover
Wendy’s Dinner,5/18/2019,,$4.28,Food,,Discover,-$4.28,,$2620.96,Discover
Walmart Groceries for Wengatz Week,5/20/2019,,$13.37,Groceries,,Checking,-$13.37,,$2607.59,Checking
Greeks Lunch,5/26/2019,,$6.12,Food,,Discover,-$6.12,,$2601.47,Discover
Taco Bell Lunch,5/26/2019,,$6.41,Food,,Discover,-$6.41,,$2595.06,Discover
Transfer,5/26/2019,$150.00,$150.00,Misc,Checking,Savings,$0.00,,$2595.06,CheckingSavings
Walmart Groceries for 1st week & summer,5/28/2019,,$57.98,Groceries,,Checking,-$57.98,,$2537.08,Checking
Taylor Paycheck,5/31/2019,$400.48,,Work,Savings,,$400.48,,$2937.56,Savings
United Flight IND -> EUG,6/1/2019,$179.00,$179.00,Travel,Checking,Discover,$0.00,,$2937.56,CheckingDiscover
American EUG -> WIT,6/1/2019,$215.00,$215.99,Travel,Checking,Discover,-$0.99,,$2936.57,CheckingDiscover
Walmart Groceries ,6/1/2019,,$42.67,Groceries,,Checking,-$42.67,,$2893.90,Checking
Steven Dinner,6/6/2019,,$5.00,Food,,Checking,-$5.00,,$2888.90,Checking
Dollar General,6/7/2019,,$5.35,Groceries,,Discover,-$5.35,,$2883.55,Discover
Apple Subscription,6/7/2019,,$5.40,Entertainment,,Gift Card,-$5.40,,$2878.15,Gift Card
Aldi’s,6/8/2019,$18.66,$38.09,Groceries,Checking,Discover,-$19.43,,$2858.72,CheckingDiscover
Touchnet Transfer,6/10/2019,$460.00,$460.00,Misc,TU Account,Savings,$0.00,,$2858.72,TU AccountSavings
Interest,6/10/2019,$5.08,,Interest ,Savings,,$5.08,,$2863.80,Savings
Lego Movie 2,6/12/2019,$4.00,$6.36,Entertainment,Checking,Discover,-$2.36,,$2861.44,CheckingDiscover
Misc,6/12/2019,$2.00,$2.00,Misc,Cash,Checking,$0.00,,$2861.44,CashChecking
Taylor Paycheck,6/14/2019,$804.30,,Work,Savings,,$804.30,,$3665.74,Savings
Tyme,6/16/2019,,$37.87,Ed Tech,,Gift Card,-$37.87,,$3627.87,Gift Card
Discover Payment,6/17/2019,$151.28,$151.28,Misc,Discover,Savings,$0.00,,$3627.87,DiscoverSavings
Brave,6/23/2019,$1.00,$4.32,Entertainment,Cash,Gift Card,-$3.32,,$3624.55,CashGift Card
Aldi’s,6/24/2019,,$24.12,Groceries,,Checking,-$24.12,,$3600.43,Checking
Mos Dinner,6/27/2019,$9.00,$9.02,Food,Checking,Checking,-$0.02,,$3600.41,CheckingChecking
Taylor Paycheck,6/28/2019,$804.30,,Work,Savings,,$804.30,,$4404.71,Savings
Apple Subscription,7/3/2019,,$5.40,Entertainment,,Gift Card,-$5.40,,$4399.31,Gift Card
Dairy Queen Lunch,7/7/2019,$5.00,$5.47,Food,Checking,Discover,-$0.47,,$4398.84,CheckingDiscover
Taco Bell Dinner,7/7/2019,$5.00,$6.49,Food,Checking,Discover,-$1.49,,$4397.35,CheckingDiscover
Drive Wichita —> Taylor,7/7/2019,$25.00,$25.00,Travel,Checking,Checking,$0.00,,$4397.35,CheckingChecking
Spider-man Far from Home Ticket,7/9/2019,,$6.49,Entertainment,,Discover,-$6.49,,$4390.86,Discover
Interest,7/10/2019,$5.89,,Interest ,Savings,,$5.89,,$4396.75,Savings
Taylor Paycheck,7/12/2019,$193.75,,Work,Savings,,$193.75,,$4590.50,Savings
Groceries from Walmart,7/13/2019,$127.77,$230.63,Groceries,Savings,Discover,-$102.86,,$4487.64,SavingsDiscover
Transfer,7/13/2019,$347.76,$347.75,Misc,Savings,Checking,$0.01,,$4487.65,SavingsChecking
Goodwill,7/13/2019,,$9.61,Clothes,,Discover,-$9.61,,$4478.04,Discover
Multimeter Flea Market,7/13/2019,,$6.42,Tech,,Discover,-$6.42,,$4471.62,Discover
Screen Protector & Charging Cables,7/14/2019,,$17.09,Tech,,Discover,-$17.09,,$4454.53,Discover
Backpack,7/14/2019,,$21.25,Education,,Discover,-$21.25,,$4433.28,Discover
Discover Payment,7/16/2019,$62.33,$62.33,Misc,Discover,Savings,$0.00,,$4433.28,DiscoverSavings
Taylor Paycheck,7/26/2019,$804.30,,Work,Savings,,$804.30,,$5237.58,Savings
Walmart Groceries,7/26/2019,$6.39,$17.82,Groceries,Checking,Discover,-$11.43,,$5226.15,CheckingDiscover
Steak-n-shake Dinner,7/27/2019,,$9.61,Food,,Discover,-$9.61,,$5216.54,Discover
Dollarsmart,8/2/2019,$8.39,$17.09,Groceries,Checking,Discover,-$8.70,,$5207.84,CheckingDiscover
Apple Subscriptions,8/3/2019,,$6.39,Entertainment,,Gift Card,-$6.39,,$5201.45,Gift Card
Dollarsmart,8/7/2019,$17.83,$24.02,Groceries,Checking,Discover,-$6.19,,$5195.26,CheckingDiscover
Taylor Paycheck,8/9/2019,$560.08,,Work,Savings,,$560.08,,$5755.34,Savings
Interest,8/10/2019,$6.59,,Interest ,Savings,,$6.59,,$5761.93,Savings
Lunch @ DC,8/13/2019,,$13.80,Food,,Discover,-$13.80,,$5748.13,Discover
Discover Payment,8/15/2019,$265.11,$265.11,Misc,Discover,Savings,$0.00,,$5748.13,DiscoverSavings
Card Holder,8/16/2019,,$14.97,Clothes,,Apple Card,-$14.97,,$5733.16,Apple Card
USB Microphone,8/17/2019,,$5.68,Tech,,Apple Card,-$5.68,,$5727.48,Apple Card
256GB Micro SD Card,8/17/2019,,$26.42,Tech,,Discover,-$26.42,,$5701.06,Discover
Dollarsmart,8/17/2019,$21.44,$47.72,Groceries,Checking,Apple Card,-$26.28,,$5674.78,CheckingApple Card
Transfer,8/17/2019,$135.22,$135.22,Misc,Savings,Checking,$0.00,,$5674.78,SavingsChecking
Taylor Paycheck,8/18/2019,$621.80,,Work,Savings,,$621.80,,$6296.58,Savings
Physics Textbook,8/19/2019,,$36.36,Textbook,,Apple Card,-$36.36,,$6260.22,Apple Card
Calculus III Textbook,8/19/2019,,$12.84,Textbook,,Apple Card,-$12.84,,$6247.38,Apple Card
DSA Textbook,8/19/2019,$31.17,$62.34,Textbook,Checking,Discover,-$31.17,,$6216.21,CheckingDiscover
"Calc III, Physics Workbooks",8/19/2019,,$26.73,Textbook,,Apple Card,-$26.73,,$6189.48,Apple Card
Taylor Fall19 Bill,8/20/2019,,$1799.00,Direct College,,Savings,-$1799.00,,$4390.48,Savings
Wendy’s,8/23/2019,,$2.13,Food,,Apple Card,-$2.13,,$4388.35,Apple Card
Pearson Physics Access Code,8/26/2019,,$75.76,Textbook,,Discover,-$75.76,,$4312.59,Discover
iHop Trip,8/29/2019,,$32.03,Food,,Apple Card,-$32.03,,$4280.56,Apple Card
Floor Dinner,8/30/2019,,$5.00,Food,,Checking,-$5.00,,$4275.56,Checking
iTunes from discover rewards,8/30/2019,$50.00,,Rewards,Gift Card,,$50.00,,$4325.56,Gift Card
Floor Dues,8/31/2019,,$40.00,Fees,,Cash,-$40.00,,$4285.56,Cash
Bike,8/31/2019,,$25.00,Transportation,,Checking,-$25.00,,$4260.56,Checking
Bike,8/31/2019,$5.00,$5.00,Misc,Checking,Cash,$0.00,,$4260.59,CashChecking
Withdrawal,8/31/2019,$40.00,$40.00,Misc,Cash,Checking,$0.00,,$4260.56,CashChecking
Transfer,8/31/2019,$70.03,$70.00,Misc,Checking,Savings,$0.03,,$4260.59,CheckingSavings
Chalk Walk PAD,8/31/2019,,$11.24,Food,,Apple Card,-$11.24,,$4249.35,Apple Card
Donut Run,9/1/2019,,$0.99,Food,,Apple Card,-$0.99,,$4248.36,Apple Card
Apple Subscription,9/3/2019,,$6.39,Entertainment,,Gift Card,-$6.39,,$4254.20,Gift Card
Ultimate Frisbee Fee,9/3/2019,,$50.00,Fees,,Checking,-$50.00,,$4204.20,Checking
Play-dough Ingredients,9/4/2019,,$7.14,Education,,Apple Card,-$7.14,,$4197.06,Apple Card
Taylor Paycheck,9/6/2019,$158.01,,Work,Savings,,$158.01,,$4355.07,Savings
Interest,9/10/2019,$6.91,,Interest ,Savings,,$6.91,,$4361.98,Savings
Gerig Dinner,9/16/2019,,$1.99,Food,,Checking,-$1.99,,$4359.99,Checking
Discover Payment,9/16/2019,$183.02,$183.02,Misc,Discover,Savings,$0.00,,$4359.99,DiscoverSavings
Taylor Paycheck,9/20/2019,$47.98,,Work,Savings,,$47.98,,$4407.97,Savings
Transfer,9/23/2019,$150.00,$150.00,Misc,Checking,Savings,$0.00,,$4407.97,CheckingSavings
Pay for MuKappa Retreat,10/1/2019,,$15.00,Fees,,Cash,-$15.00,,$4392.97,Cash
Pay for Honors Retreat,10/1/2019,,$5.00,Fees,,Cash,-$5.00,,$4387.97,Cash
Apple Card Payment,10/1/2019,$178.46,$178.46,Misc,Apple Card,Savings,$0.00,,$4387.97,Apple CardSavings
Apple Subscription,10/3/2019,,$6.39,Entertainment,,Gift Card,-$6.39,,$4381.58,Gift Card
Taylor Paycheck,10/4/2019,$60.98,,Work,Savings,,$60.98,,$4442.56,Savings
Withdrawal,10/5/2019,$60.00,$60.00,Misc,Cash,Checking,$0.00,,$4442.56,CashChecking
Interest,10/10/2019,$6.78,,Interest ,Savings,,$6.78,,$4449.34,Savings
Unaccounted $15,10/11/2019,,$15.00,Misc,,Cash,-$15.00,,$4434.34,Cash
SongShift,10/11/2019,,$5.40,Tech,,Gift Card,-$5.40,,$4428.94,Gift Card
Soccer Fee,10/12/2019,,$5.79,Fees,,Apple Card,-$5.79,,$4423.15,Apple Card
Dollar Smart Apples,10/13/2019,,$7.76,Groceries,,Apple Card,-$7.76,,$4415.39,Apple Card
Discover Payment,10/15/2019,$102.18,$102.18,Misc,Discover,Savings,$0.00,,$4415.39,DiscoverSavings
Amtrak Train Ticket,10/17/2019,,$90.00,Travel,,Discover,-$90.00,,$4325.39,Discover
Taylor Paycheck,10/18/2019,$59.94,,Work,Savings,,$59.94,,$4385.33,Savings
Walmart Poncho Jacket (lost),10/21/2019,,$22.96,Clothes,,Discover,-$22.96,,$4362.37,Discover
Walmart Honors Food and Blanket,10/21/2019,,$41.49,Groceries,,Discover,-$41.49,,$4320.88,Discover
Sci-Fi Concert,10/26/2019,,$5.00,Entertainment,,Cash,-$5.00,,$4315.88,Cash
Apple Card Payment,10/31/2019,$19.37,$19.37,Misc,Apple Card,Savings,$0.00,,$4315.88,Apple CardSavings
Rice Pilaf,11/1/2019,,$2.00,Entertainment,,Cash,-$2.00,,$4313.88,Cash
Taylor Paycheck,11/1/2019,$116.31,,Work,Savings,,$116.31,,$4430.19,Savings
MyGen,11/2/2019,,$5.00,Entertainment,,Cash,-$5.00,,$4425.19,Cash
Subway,11/2/2019,,$8.34,Food,,Apple Card,-$8.34,,$4416.85,Apple Card
Goodwill,11/2/2019,,$18.24,Clothes,,Apple Card,-$18.24,,$4398.61,Apple Card
Walmart Jacket,11/2/2019,,$21.36,Clothes,,Discover,-$21.36,,$4377.25,Discover
Apple Subscription,11/3/2019,,$6.39,Entertainment,,Gift Card,-$6.39,,$4370.86,Gift Card
Ultimate Tournament Pizza Hut,11/9/2019,$21.00,$28.32,Food,Checking,Discover,-$7.32,,$4363.54,CheckingDiscover
Pizza Hut,11/9/2019,$7.00,$7.00,Misc,Cash,Checking,$0.00,,$4363.54,CheckingDiscover
Subway,11/9/2019,,$4.00,Food,,Checking,-$4.00,,$4359.54,Checking
Interest,11/10/2019,$6.42,,Interest ,Savings,,$6.42,,$4365.96,Savings
Ultimate Tournament Gas,11/10/2019,,$6.99,Travel,,Checking,-$6.99,,$4358.97,Checking
Lego Movie 2,11/10/2019,,$16.23,Entertainment,,Gift Card,-$16.23,,$4342.74,Gift Card
Taylor Paycheck,11/15/2019,$78.64,,Work,Savings,,$78.64,,$4421.38,Savings
Discover Payment,11/18/2019,$90.00,$90.00,Misc,Discover,Savings,$0.00,,$4421.38,DiscoverSavings
Kendra feeling in debt,11/20/2019,$5.00,,Gift,Cash,,$5.00,,$4426.38,Checking
Precept Paycheck,11/22/2019,$325.00,,Work,Savings,,$325.00,,$4751.38,Savings
Frozen 2,11/22/2019,,$12.98,Entertainment,,Apple Card,-$12.98,,$4738.40,Apple Card
Ed/Becky Appreciation,11/23/2019,,$5.00,Gift,,Cash,-$5.00,,$4733.40,Checking
Gerig Thanksgiving,11/24/2019,,$5.00,Food,,Cash,-$5.00,,$4728.40,Checking
Urban Light,11/24/2019,,$2.00,Tithe (Legal),,Cash,-$2.00,,$4726.40,Checking
Amtrak Train Ticket,11/25/2019,,$145.00,Travel,,Apple Card,-$145.00,,$4581.40,Apple Card
Thanksgiving Gas,11/26/2019,,$12.00,Travel,,Checking,-$12.00,,$4569.40,Checking
Taylor Paycheck,11/29/2019,$88.13,,Work,Savings,,$88.13,,$4657.53,Savings
Amazon Electronics,12/1/2019,,$28.13,Tech,,Discover,-$28.13,,$4629.40,Discover
Apple Card Payment,12/2/2019,$13.55,$13.55,Misc,Apple Card,Savings,$0.00,,$4629.40,Apple CardSavings
Apple Subscription,12/3/2019,,$6.39,Entertainment,,Gift Card,-$6.39,,$4623.01,Gift Card
Dollarsmart,12/5/2019,,$3.99,Groceries,,Apple Card,-$3.99,,$4619.02,Apple Card
Indian Restaurant,12/8/2019,,$14.89,Food,,Apple Card,-$14.89,,$4604.13,Apple Card
Interest,12/10/2019,$6.32,,Interest ,Savings,,$6.32,,$4610.45,Savings
Birthday Money from Gma Campbell,12/11/2019,$20.01,,Gift,Checking,,$20.01,,$4630.46,Checking
Toy Story 4,12/11/2019,,$5.30,Entertainment,,Discover,-$5.30,,$4625.16,Discover
Dollarsmart ,12/11/2019,,$2.35,Groceries,,Discover,-$2.35,,$4622.81,Discover
Dollar General Christmas Gifts,12/11/2019,,$19.26,Gift,,Discover,-$19.26,,$4603.55,Discover
Taylor Paycheck,12/13/2019,$52.43,,Work,Savings,,$52.43,,$4655.98,Savings
Disney+,12/13/2019,,$7.57,Entertainment,,Apple Card,-$7.57,,$4648.41,Apple Card
Bloomington Gas Money,12/14/2019,,$20.00,Travel,,Cash,-$20.00,,$4628.41,Cash
Discover Payment,12/16/2019,$114.13,$114.13,Misc,Discover,Savings,$0.00,,$4628.41,DiscoverSavings
Walmart Frame,12/16/2019,,$16.06,Gift,,Discover,-$16.06,,$4612.35,Discover
Walmart Picture,12/16/2019,,$5.13,Gift,,Discover,-$5.13,,$4607.22,Discover
Canes Fried Chicken,12/16/2019,,$6.64,Food,,Discover,-$6.64,,$4600.58,Discover
Hobby Lobby,12/16/2019,,$14.51,Groceries,,Discover,-$14.51,,$4586.07,Discover
Orange 2 Shirt,12/20/2019,,$10.00,Clothes,,Checking,-$10.00,,$4576.07,Checking
Bed Moving,12/20/2019,$10.00,,Work,Cash,,$10.00,,$4586.07,Cash
Walmart Pictures,12/21/2019,,$12.45,Groceries,,Discover,-$12.45,,$4573.62,Discover
Walmart Christmas Gifts,12/21/2019,,$45.54,Groceries,,Discover,-$45.54,,$4528.08,Discover
Star Wars Ticket,12/29/2019,,$1.50,Entertainment,,Apple Card,-$1.50,,$4526.58,Apple Card
Taylor Spring20 Bill,1/1/2020,,$1102.02,Direct College,,Savings,-$1102.02,,$3424.56,Savings
Apple Card Payment,1/2/2020,$184.56,$184.56,Misc,Apple Card,Savings,$0.00,,$3424.56,Apple CardSavings
Whataburger,1/3/2020,,$13.99,Food,,Checking,-$13.99,,$3410.57,Checking
Apple Subscription,1/3/2020,,$6.39,Entertainment,,Gift Card,-$6.39,,$3404.18,Gift Card
Historic Textbooks,1/5/2020,,$20.55,Textbook,,Discover,-$20.55,,$3383.63,Discover
Chronicles of Narnia,1/6/2020,,$32.46,Textbook,,Discover,-$32.46,,$3351.17,Discover
Historic Coursepack,1/7/2020,,$33.88,Textbook,,TU Account,-$33.88,,$3317.29,TU Account
Interest,1/10/2020,$5.18,,Interest ,Savings,,$5.18,,$3322.47,Savings
Preceptorial Ivanhoes,1/12/2020,,$5.94,Food,,Discover,-$5.94,,$3316.53,Discover
Volleyball IMLeagues,1/12/2020,,$5.79,Fees,,Apple Card,-$5.79,,$3310.74,Apple Card
Discover Payment,1/15/2020,$97.38,$97.38,Misc,Discover,Savings,$0.00,,$3310.74,DiscoverSavings
Christmas Money from Campbels,1/23/2020,$50.00,,Gift,Savings,,$50.00,,$3360.74,Savings
Christmas Money from Mcennas,1/23/2020,$50.00,,Gift,Savings,,$50.00,,$3410.74,Savings
Taylor Paycheck,1/24/2020,$36.00,,Work,Savings,,$36.00,,$3446.74,Savings
Archery PAD,1/25/2020,,$20.00,Entertainment,,Discover,-$20.00,,$3426.74,Discover
Market,1/25/2020,,$2.25,Groceries,,Apple Card,-$2.25,,$3424.49,Apple Card
USB Battery,1/31/2020,,$16.68,Tech,,Discover,-$16.68,,$3407.81,Discover
AI Textbook,1/31/2020,,$12.39,Textbook,,Discover,-$12.39,,$3395.42,Discover
Coffee Mug,1/31/2020,,$11.99,Gift,,Discover,-$11.99,,$3383.43,Discover
TransfeSavings —> Checking,1/31/2020,$30.00,$30.00,Misc,Checking,Savings,$0.00,,$3383.43,CheckingSavings
Alexander’s Icecream,2/1/2020,,$6.31,Food,,Discover,-$6.31,,$3377.12,Discover
Lasertag,2/1/2020,,$16.00,Entertainment,,Apple Card,-$16.00,,$3361.12,Apple Card
Datacom Textbook,2/2/2020,,$37.43,Textbook,,Discover,-$37.43,,$3323.69,Discover
Apple Card Payment,2/2/2020,$27.95,$27.95,Misc,Apple Card,Savings,$0.00,,$3323.69,Apple CardSavings
Apple Subscription,2/3/2020,,$4.64,Entertainment,,Gift Card,-$4.64,,$3319.05,Gift Card
Ethics of Big Data,2/3/2020,,$10.81,Textbook,,Discover,-$10.81,,$3308.24,Discover
Data Science & Big Data,2/3/2020,,$42.42,Textbook,,Discover,-$42.42,,$3265.82,Discover
Apple Subscription,2/3/2020,,$1.75,Entertainment,,Discover,-$1.75,,$3264.07,Discover
Vocation of the Christian Scholar,2/4/2020,,$17.31,Textbook,,Discover,-$17.31,,$3246.76,Discover
ICS Textbook,2/5/2020,,$21.34,Textbook,,Discover,-$21.34,,$3225.42,Discover
Ultimate Membership,2/10/2020,,$64.00,Fees,,Apple Card,-$64.00,,$3161.42,Apple Card
Tax Refund,2/10/2020,$203.00,$150.00,Work,Checking,Checking,$53.00,,$3214.42,CheckingChecking
Interest,2/10/2020,$2.00,,Interest ,Savings,,$2.00,,$3216.42,Savings
Intro AI Graphic Guid Textbook,2/13/2020,,$5.19,Textbook,,Discover,-$5.19,,$3211.23,Discover
Discover Payment,2/15/2020,$116.94,$116.94,Misc,Discover,Savings,$0.00,,$3211.23,DiscoverSavings
Knives Out,2/15/2020,,$2.00,Entertainment,,Cash,-$2.00,,$3209.23,Cash
Taylor Paycheck,2/21/2020,$36.40,,Work,Savings,,$36.40,,$3245.63,Savings
Nostalgia Night,2/27/2020,,$5.00,Entertainment,,Cash,-$5.00,,$3240.63,Cash
Italian Lunch,2/28/2020,,$8.00,Food,,Cash,-$8.00,,$3232.63,Cash
Diverse Lit Textbook (Shared with Madison),2/28/2020,,$45.00,Textbook,,Cash,-$45.00,,$3187.63,Cash
Apple Card Payment,2/29/2020,$8.04,$8.04,Misc,Apple Card,Savings,$0.00,,$3187.63,Apple CardSavings
Apple Subscription,3/3/2020,,$6.39,Entertainment,,Apple Card,-$6.39,,$3181.24,Apple Card
Ticket Exchange,3/4/2020,$7.00,$7.00,Misc,Cash,Checking,$0.00,,$3181.24,CashChecking
Gillian’s Plant,3/4/2020,,$4.00,Gift,,Cash,-$4.00,,$3177.24,Cash
Enemy of the People,3/6/2020,$7.00,$14.00,Entertainment,Gift Card,Apple Card,-$7.00,,$3170.24,Gift CardApple Card
Taylor Paycheck,3/6/2020,$36.40,,Work,Savings,,$36.40,,$3206.64,Savings
Birthday Card/Eggs,3/7/2020,,$2.11,Food,,Apple Card,-$2.11,,$3204.53,Apple Card
Walmart Groceries,3/7/2020,,$19.54,Groceries,,Apple Card,-$19.54,,$3184.99,Apple Card
Taco Bell,3/7/2020,,$1.27,Food,,Apple Card,-$1.27,,$3183.72,Apple Card
Airband Costumes,3/8/2020,,$9.97,Clothes,,Checking,-$9.97,,$3173.75,Checking
Interest,3/10/2020,$1.74,,Interest ,Savings,,$1.74,,$3175.49,Savings
Discover Payment,3/15/2020,$203.62,$203.62,Misc,Discover,Savings,$0.00,,$3175.49,DiscoverSavings
Backpacking Supplies,3/18/2020,,$31.91,Food,,Discover,-$31.91,,$3143.58,Discover
Spring Break Gas Down,3/19/2020,$20.63,$20.63,Travel,Savings,Apple Card,$0.00,,$3143.58,SavingsApple Card
Taylor Paycheck,3/20/2020,$38.67,,Work,Savings,,$38.67,,$3182.25,Savings
American Ticket Cincinnati —> DFW,3/21/2020,$34.40,$34.40,Travel,Savings,Discover,$0.00,,$3182.25,SavingsDiscover
American Checked Baggage,3/24/2020,$30.00,$30.00,Travel,Savings,Discover,$0.00,,$3182.25,SavingsDiscover
Wendy’s Lunch,3/24/2020,,$5.00,Food,,Checking,-$5.00,,$3177.25,Checking
Spring Break Gas Up,3/24/2020,$17.16,$17.16,Travel,Savings,Discover,$0.00,,$3177.25,SavingsDiscover
Touchnet Transfer,3/25/2020,$33.88,$33.88,Misc,TU Account,Checking,$0.00,,$3177.25,TU AccountChecking
Apple Card Daily Cash,3/25/2020,$7.27,,Rewards,Gift Card,,$7.27,,$3184.52,Gift Card
Discover Rewards,3/25/2020,$50.00,,Rewards,Gift Card,,$50.00,,$3234.52,Gift Card
$36 I forgot I got,3/25/2020,$36.00,,Gift,Cash,,$36.00,,$3270.52,Cash
iCloud Subscription,3/28/2020,,$0.99,Entertainment,,Apple Card,-$0.99,,$3269.53,Apple Card
Apple Card Payment,4/1/2020,$80.99,$80.99,Misc,Apple Card,Savings,$0.00,,$3269.53,Apple CardSavings
Splendor,4/1/2020,,$2.15,Entertainment,,Apple Card,-$2.15,,$3267.38,Apple Card
Amazon Kinde,4/2/2020,,$9.37,Textbook,,Discover,-$9.37,,$3258.01,Discover
Macbook Air,4/3/2020,,$1081.42,Ed Tech,,Apple Card,-$1081.42,,$2176.59,Apple Card
Apple Store Gift card On macbook Air,4/3/2020,$50.00,$50.00,Ed Tech,Apple Card,Gift Card,$0.00,,$2176.59,Apple CardGift Card
Apple Music Subscription,4/3/2020,,$5.40,Entertainment,,Gift Card,-$5.40,,$2171.19,Gift Card
Watch Unbroken,4/4/2020,,$4.00,Entertainment,,Gift Card,-$4.00,,$2167.19,Gift Card
Toilet Paper Brookshire’s,4/6/2020,,$10.81,Groceries,,Apple Card,-$10.81,,$2156.38,Apple Card
Interest,4/10/2020,$1.86,,Interest ,Savings,,$1.86,,$2158.24,Savings
Samsung 512 GB SSD,4/14/2020,,$140.71,Tech,,Discover,-$140.71,,$2017.53,Discover
Discover Payment,4/15/2020,$31.91,$31.91,Misc,Discover,Savings,$0.00,,$2017.53,DiscoverSavings
Taylor Paycheck,4/17/2020,$83.78,,Work,Savings,,$83.78,,$2101.31,Savings
Backpack Cover,4/20/2020,,$7.98,Clothes,,Checking,-$7.98,,$2093.33,Checking
Apple Card Payment,4/30/2020,$63.94,$63.94,Misc,Apple Card,Savings,$0.00,,$2093.33,Apple CardSavings
Game Purchases,4/30/2020,,$1.07,Entertainment,,Gift Card,-$1.07,,$2092.26,Gift Card
Hammock,5/1/2020,,$19.47,Toys,,Discover,-$19.47,,$2072.79,Discover
USB C Dongle,5/1/2020,,$19.47,Tech,,Discover,-$19.47,,$2053.32,Discover
Taylor Paycheck,5/1/2020,$36.40,,Work,Savings,,$36.40,,$2089.72,Savings
Apple Subscription,5/3/2020,,$6.39,Entertainment,,Gift Card,-$6.39,,$2083.33,Gift Card
Apple Card Rewards,5/9/2020,$34.75,,Rewards,Gift Card,,$34.75,,$2118.08,Gift Card
Discover Good Grades Reward,5/10/2020,$20.00,,Grant,Discover,,$20.00,,$2138.08,Discover
Interest,5/10/2020,$3.77,,Interest ,Savings,,$3.77,,$2141.85,Savings
American DFW —> CIN,5/15/2020,$178.10,$178.10,Travel,Savings,Discover,$0.00,,$2141.85,SavingsDiscover
CARES Act Reimbursement for travel ($300),5/15/2020,$19.71,,Grant,Savings,,$19.71,,$2161.56,Savings
Taylor Paycheck,5/15/2020,$36.40,,Work,Savings,,$36.40,,$2197.96,Savings
Discover Payment,5/15/2020,$231.64,$231.64,Misc,Discover,Savings,$0.00,,$2197.96,DiscoverSavings
Posados Mexican Lunch w/ Daniel & Gavin,5/22/2020,$9.73,$19.47,Food,Checking,Discover,-$9.74,,$2188.22,CheckingDiscover
Walmart Groceries 1,5/22/2020,$77.80,$165.55,Groceries,Checking,Discover,-$87.75,,$2100.47,CheckingDiscover
Ryan’s Cash,5/22/2020,$40.00,$40.00,Misc,Cash,Checking,$0.00,,$2100.47,CashChecking
Shoes & Socks from Academy Sports,5/22/2020,,$93.06,Clothes,,Apple Card,-$93.06,,$2007.41,Apple Card
Goodwill Clothes,5/24/2020,,$23.00,Clothes,,Discover,-$23.00,,$1984.41,Discover
Apple Card Payment,5/30/2020,$1044.38,$1044.38,Misc,Apple Card,Savings,$0.00,,$1984.41,Apple CardSavings
Apple Subscription,6/3/2020,,$6.39,Entertainment,,Gift Card,-$6.39,,$1978.02,Gift Card
Summer Housing,6/3/2020,$60.00,$480.00,Housing,TU Account,Savings,-$420.00,,$1558.02,TU AccountSavings
$100 payment to Taylor,6/3/2020,$100.00,$100.00,Misc,TU Account,Checking,$0.00,,$1558.02,TU AccountChecking
Prepaid College,6/3/2020,$160.00,$160.00,Misc,Savings,TU Account,$0.00,,$1558.02,SavingsTU Account
Goodwill Clothes,6/6/2020,,$21.00,Clothes,,Discover,-$21.00,,$1537.02,Discover
Walmart Bike Stuff,6/6/2020,,$26.62,Transportation,,Discover,-$26.62,,$1510.40,Discover
Taco Bell Dinner,6/7/2020,,$7.48,Food,,Discover,-$7.48,,$1502.92,Discover
Walmart Twins 2,6/7/2020,$3.00,$23.31,Groceries,Cash,Discover,-$20.31,,$1482.61,CashDiscover
Walmart Shared 2,6/9/2020,,$44.98,Groceries,,Checking,-$44.98,,$1437.63,Checking
Interest,6/10/2020,$2.90,,Interest ,Savings,,$2.90,,$1440.53,Savings
Apple Card Rewards,6/11/2020,$1.86,,Rewards,Gift Card,,$1.86,,$1442.39,Gift Card
Taylor Paycheck,6/12/2020,$903.75,,Work,Savings,,$903.75,,$2346.14,Savings
Banana Bread Stuff,6/14/2020,$2.00,$11.45,Groceries,Checking,Apple Card,-$9.45,,$2336.69,CheckingApple Card
Discover Payment,6/15/2020,$167.04,$167.04,Misc,Discover,Savings,$0.00,,$2336.69,DiscoverSavings
Transfer,6/21/2020,$200.00,$200.00,Misc,Checking,Savings,$0.00,,$2336.69,CheckingSavings
Walmart Shared 3,6/21/2020,,$50.00,Groceries,,Checking,-$50.00,,$2286.69,Checking
American DFW —> IND,6/23/2020,,$98.10,Travel,,Discover,-$98.10,,$2188.59,Discover
CARES Check,6/24/2020,$300.00,,Grant,Savings,,$300.00,,$2488.59,Savings
Taylor Paycheck,6/26/2020,$1395.62,,Work,Savings,,$1395.62,,$3884.21,Savings
Flour for Cookies,6/28/2020,,$5.08,Groceries,,Apple Card,-$5.08,,$3879.13,Apple Card
Apple Card Payment,7/1/2020,$93.06,$93.06,Misc,Apple Card,Savings,$0.00,,$3879.13,Apple CardSavings
Apple Subscription,7/3/2020,,$6.39,Entertainment,,Gift Card,-$6.39,,$3872.74,Gift Card
Walmart Shared 4,7/7/2020,,$36.00,Groceries,,Checking,-$36.00,,$3836.74,Checking
Dr. Brandle Spicy Sauce,7/7/2020,,$5.00,Gift,,Checking,-$5.00,,$3831.74,Checking
Taylor Paycheck,7/10/2020,$1423.38,,Work,Savings,,$1423.38,,$5255.12,Savings
Interest,7/10/2020,$2.80,,Interest ,Savings,,$2.80,,$5257.92,Savings
Boating Gas,7/11/2020,,$10.00,Entertainment,,Checking,-$10.00,,$5247.92,Checking
Ice Cream,7/11/2020,,$4.99,Food,,Checking,-$4.99,,$5242.93,Checking
Discover Payment,7/15/2020,$316.43,$316.43,Misc,Discover,Savings,$0.00,,$5242.93,DiscoverSavings
Masks and Innertube,7/18/2020,,$26.89,Groceries,,Discover,-$26.89,,$5216.04,Discover
Walmart Shared 5,7/18/2020,,$14.50,Groceries,,Checking,-$14.50,,$5201.54,Checking
Ivanhoes Venmo,7/20/2020,,$7.50,Food,,Checking,-$7.50,,$5194.04,Checking
Apple TV Ebay,7/22/2020,,$117.70,Tech,,Discover,-$117.70,,$5076.34,Discover
Daniel’s Wedding Gift,7/22/2020,,$25.00,Gift,,Checking,-$25.00,,$5051.34,Checking
Mexican Dinner,7/23/2020,$9.00,$17.21,Food,Gift Card,Discover,-$8.21,,$5043.13,Gift CardDiscover
Jason’s Deli,7/23/2020,,$8.65,Food,,Discover,-$8.65,,$5034.48,Discover
JC Penny Dress Shoes,7/23/2020,,$70.35,Clothes,,Discover,-$70.35,,$4964.13,Discover
Taylor Paycheck,7/24/2020,$1409.50,,Work,Savings,,$1409.50,,$6373.63,Savings
Gas Taylor —> Texas,7/25/2020,,$20.00,Travel,,Gift Card,-$20.00,,$6353.63,Gift Card
Culvers-Ice Cream,7/27/2020,,$2.00,Food,,Checking,-$2.00,,$6351.63,Checking
Walmart Trip 5,8/1/2020,$105.00,$144.17,Groceries,Checking,Discover,-$39.17,,$6312.46,CheckingDiscover
Paid via apple pay,8/1/2020,$30.00,$30.00,Misc,Gift Card,Checking,$0.00,,$6312.46,Gift CardChecking
Drive in Movie,8/1/2020,,$5.00,Entertainment,,Checking,-$5.00,,$6307.46,Checking
Apple Card Payment,8/3/2020,$16.53,$16.53,Misc,Apple Card,Savings,$0.00,,$6307.46,Apple CardSavings
Apple Subscription,8/3/2020,,$6.39,Entertainment,,Gift Card,-$6.39,,$6301.07,Gift Card
5 Unaccounted For Extra Dollars,8/5/2020,$5.73,,Misc,Gift Card,,$5.73,,$6306.80,Gift Card
Taylor Paycheck,8/7/2020,$650.24,,Work,Savings,,$650.24,,$6957.04,Savings
Bike Inner Tubes,8/8/2020,,$10.00,Transportation,,Checking,-$10.00,,$6947.04,Checking
Subway Lunch,8/9/2020,,$3.74,Food,,Checking,-$3.74,,$6943.30,Checking
Interest,8/10/2020,$4.95,,Interest ,Savings,,$4.95,,$6948.25,Savings
Taylor Paycheck,8/14/2020,$1423.38,,Work,Savings,,$1423.38,,$8371.63,Savings
Direct College Fall 2020,8/16/2020,,$448.00,Direct College,,Savings,-$448.00,,$7923.63,Savings
Computer Security Textbook,8/16/2020,$8.90,$17.80,Textbook,Checking,Discover,-$8.90,,$7914.73,CheckingDiscover
Ultimate Frisbee Gloves,8/16/2020,,$26.74,Clothes,,Discover,-$26.74,,$7887.99,Discover
Soundcore Speaker,8/16/2020,,$46.00,Tech,,Discover,-$46.00,,$7841.99,Discover
Essential Oils,8/16/2020,,$10.69,Cosmetics,,Discover,-$10.69,,$7831.30,Discover
Software Engineering Textbook,8/16/2020,,$39.54,Textbook,,Discover,-$39.54,,$7791.76,Discover
Discover Payment,8/17/2020,$98.10,$98.10,Misc,Discover,Savings,$0.00,,$7791.76,DiscoverSavings
FOSO Floor Dues,8/17/2020,,$20.00,Fees,,Checking,-$20.00,,$7771.76,Checking
FOSO Pizza,8/22/2020,,$5.00,Food,,Checking,-$5.00,,$7766.76,Checking
Walmart: Fridge & Lunch,8/22/2020,$45.00,$127.11,Groceries,Checking,Discover,-$82.11,,$7684.65,CheckingDiscover
Church Gas,8/23/2020,,$6.00,Travel,,Checking,-$6.00,,$7678.65,Checking
MOB And Game,8/23/2020,,$86.68,M,,Discover,-$86.68,,$7591.97,Discover
Tenant Drive In Movie (double date),8/26/2020,,$10.00,M,,Checking,-$10.00,,$7581.97,Checking
Subway,8/27/2020,,$16.55,M,,Apple Card,-$16.55,,$7565.42,Apple Card
Walmart: Grace Care Package,8/30/2020,,$35.32,Gift,,Discover,-$35.32,,$7530.10,Discover
Apple Subscription,9/3/2020,,$6.39,Entertainment,,Gift Card,-$6.39,,$7523.71,Gift Card
Taylor Paycheck,9/4/2020,$115.33,,Work,Savings,,$115.33,,$7639.04,Savings
FOSO Sticker,9/5/2020,,$1.00,Fees,,Cash,-$1.00,,$7638.04,Cash
CCSC Conference,9/10/2020,,$20.00,Textbook,,Discover,-$20.00,,$7618.04,Discover
Interest,9/10/2020,$5.29,,Interest ,Savings,,$5.29,,$7623.33,Savings
Godspell (req Arts & Ideas),9/12/2020,,$10.00,Textbook,,Discover,-$10.00,,$7613.33,Discover
Ultimate Frisbee Fee,9/14/2020,,$25.00,Fees,,Checking,-$25.00,,$7588.33,Checking
First Date: Walnut Creek,9/15/2020,,$6.48,M,,Apple Card,-$6.48,,$7581.85,Apple Card
Discover Payment,9/16/2020,$525.74,$525.74,Misc,Discover,Savings,$0.00,,$7581.85,DiscoverSavings
Meijer Snacks,9/19/2020,,$7.81,Groceries,,Apple Card,-$7.81,,$7574.04,Apple Card
Tenet Movie,9/19/2020,,$8.78,Entertainment,,Apple Card,-$8.78,,$7565.26,Apple Card
Urban Light Tithe,9/26/2020,,$20.00,Tithe (Legal),,Discover,-$20.00,,$7545.26,Discover
Stickers,10/1/2020,,$6.99,Office Supplies,,Checking,-$6.99,,$7538.27,Checking
American Opportunity Credit,10/2/2020,$1016.75,,Grant,Savings,,$1016.75,,$8555.02,Savings
Camping Trip Food,10/2/2020,$11.00,$16.61,Groceries,Checking,Gift Card,-$5.61,,$8549.41,CheckingGift Card
 Cash Rewards,10/2/2020,$0.80,,Rewards,Gift Card,,$0.80,,$8550.21,Gift Card
Apple Subscription,10/3/2020,,$6.39,Entertainment,,Gift Card,-$6.39,,$8543.82,Gift Card
Interest,10/10/2020,$4.47,,Interest ,Savings,,$4.47,,$8548.29,Savings
Teacup,10/12/2020,$5.15,$10.99,M,Discover,Discover,-$5.84,,$8542.45,DiscoverDiscover
Double Hammock,10/12/2020,,$22.99,M,,Discover,-$22.99,,$8519.46,Discover
Masks,10/12/2020,,$19.98,Clothes,,Discover,-$19.98,,$8499.48,Discover
Arts & Ideas Craft Supplies,10/15/2020,,$1.50,Fees,,Checking,-$1.50,,$8497.98,Checking
Discover Payment,10/16/2020,$279.11,$279.11,Misc,Discover,Savings,$0.00,,$8497.98,DiscoverSavings
Meijer Doughnut,10/18/2020,,$0.71,Food,,Gift Card,-$0.71,,$8497.27,Gift Card
FOSO Nerf Hungergames PAD,10/22/2020,,$15.00,Entertainment,,Checking,-$15.00,,$8482.27,Checking
AA Flight South Bend —> Witchita,10/22/2020,,$124.20,Travel,,Discover,-$124.20,,$8358.07,Discover
Mygen Ticket,10/22/2020,,$5.87,Entertainment,,Discover,-$5.87,,$8352.20,Discover
Urban Light Tithe,10/26/2020,,$20.00,Tithe (Legal),,Discover,-$20.00,,$8332.20,Discover
Apple Card Payment,11/2/2020,$39.62,$39.62,Misc,Apple Card,Savings,$0.00,,$8332.20,Apple CardSavings
Apple Subscription,11/2/2020,,$1.20,Entertainment,,Apple Card,-$1.20,,$8331.00,Apple Card
Apple Subscription,11/3/2020,,$5.19,Entertainment,,Gift Card,-$5.19,,$8325.81,Gift Card
Mosaic Night,11/6/2020,,$6.94,Entertainment,,Discover,-$6.94,,$8318.87,Discover
Hungergames PAD Shirt,11/7/2020,,$6.99,M,,Checking,-$6.99,,$8311.88,Checking
Unknown iTunes Difference,11/7/2020,,$5.40,Misc,,Gift Card,-$5.40,,$8306.48,Gift Card
Interest,11/10/2020,$4.25,,Interest ,Savings,,$4.25,,$8310.73,Savings
The Little Prince Tickets,11/12/2020,,$13.99,Fees,,Checking,-$13.99,,$8296.74,Checking
Fancy Dinner Date Baker Street Steakhouse,11/13/2020,,$96.25,M,,Discover,-$96.25,,$8200.49,Discover
Ed/Becky Appreciation,11/13/2020,,$3.00,Gift,,Checking,-$3.00,,$8197.49,Checking
Goodwill Shoes,11/14/2020,,$5.34,Clothes,,Apple Card,-$5.34,,$8192.15,Apple Card
Discover Payment,11/15/2020,$68.81,$68.81,Misc,Discover,Savings,$0.00,,$8192.15,DiscoverSavings
Gerig Thanksgiving,11/15/2020,,$3.00,Food,,Checking,-$3.00,,$8189.15,Checking
Urban Light Tithe,11/26/2020,,$20.00,Tithe (Legal),,Discover,-$20.00,,$8169.15,Discover
South Bend Chocolate Factory,11/27/2020,,$6.77,M,,Apple Card,-$6.77,,$8162.38,Apple Card
Apple Subscription,11/28/2020,,$0.99,Entertainment,,Apple Card,-$0.99,,$8161.39,Apple Card
 Cash Rewards,12/1/2020,$49.97,$49.69,Rewards, Cash,Gift Card,$0.28,,$8161.67, CashGift Card
Burger King Breakfast,12/3/2020,,$5.34,Food,,Discover,-$5.34,,$8156.33,Discover
AA Flight South Bend —> Witchita (extension),12/3/2020,,$38.40,Travel,,Discover,-$38.40,,$8117.93,Discover
Apple Subscription,12/4/2020,,$5.40,Entertainment,,Discover,-$5.40,,$8112.53,Discover
Panda Express Lunch,12/6/2020,,$11.00,Food,,Discover,-$11.00,,$8101.53,Discover
Interest,12/10/2020,$4.05,,Interest ,Savings,,$4.05,,$8105.58,Savings
B-day from Swansons,12/11/2020,$40.00,,Gift,Cash,,$40.00,,$8145.58,Cash
Taco Salad Lunch,12/12/2020,,$10.27,Food,,Checking,-$10.27,,$8135.31,Checking
Walmart PJs & Groceries,12/13/2020,,$44.68,Groceries,,Discover,-$44.68,,$8090.63,Discover
2008 Ford Focus,12/14/2020,,$1500.00,Transportation,,Savings,-$1500.00,,$6590.63,Savings
B-day from Campbells,12/14/2020,$21.00,,Gift,Checking,,$21.00,,$6611.63,Checking
Amazon: Christmas/B-Day Gifts,12/15/2020,,$19.19,Gift,,Discover,-$19.19,,$6592.44,Discover
DFW Entrance,12/15/2020,,$2.00,Travel,,Discover,-$2.00,,$6590.44,Discover
Bertha Gas,12/15/2020,,$33.78,Travel,,Discover,-$33.78,,$6556.66,Discover
Discover Payment,12/16/2020,$253.26,$253.26,Misc,Discover,Savings,$0.00,,$6556.66,DiscoverSavings
LinkedIn Learning,12/17/2020,,$27.05,Education,,Discover,-$27.05,,$6529.61,Discover
Amazon: Christmas Gifts (pending),12/18/2020,$9.00,$132.02,Gift,Checking,Discover,-$123.02,,$6406.59,CheckingDiscover
Liberty Mutual Car Insurance,12/21/2020,,$45.16,Transportation,,Checking,-$45.16,,$6361.43,Checking
LOTR & Hobbit Movies for Liz,12/23/2020,,$42.02,Gift,,Discover,-$42.02,,$6319.41,Discover
Car registration fee,12/23/2020,,$127.87,Transportation,,Discover,-$127.87,,$6191.54,Discover
Amazon Gift Card from McKennas,12/25/2020,$50.00,,Gift,Gift Card,,$50.00,,$6241.54,Gift Card
Urban Light Tithe,12/26/2020,,$20.00,Tithe (Legal),,Discover,-$20.00,,$6221.54,Discover
Walmart Car Tools,12/27/2020,,$84.93,Transportation,,Discover,-$84.93,,$6136.61,Discover
Safari Darkmode Extension,12/27/2020,,$3.24,Tech,,Discover,-$3.24,,$6133.37,Discover
Walmart Trip Food,12/28/2020,,$4.60,Food,,Checking,-$4.60,,$6128.77,Checking
Christmas Money from Campbels,12/28/2020,$50.00,,Gift,Checking,,$50.00,,$6178.77,Checking
Ford Focus Break Work,12/28/2020,,$1075.33,Transportation,,Savings,-$1075.33,,$5103.44,Savings
Apple Subscription,12/29/2020,,$6.39,Entertainment,,Discover,-$6.39,,$5097.05,Discover
Neurolense Glasses,12/29/2020,,$646.00,Health,,Discover,-$646.00,,$4451.05,Discover
Gas Van,12/30/2020,,$16.73,Transportation,,Apple Card,-$16.73,,$4434.32,Apple Card
Gas Van —> Wichita,12/30/2020,,$20.85,Travel,,Discover,-$20.85,,$4413.47,Discover
Apple Card Payment,12/31/2020,$14.30,$14.30,Misc,Apple Card,Savings,$0.00,,$4413.47,Apple CardSavings
J-Term Housing,1/1/2021,,$1181.00,Housing,,Savings,-$1181.00,,$3232.47,Savings
Insurance auto Transfer,1/1/2021,$46.17,$46.17,Misc,Checking,Savings,$0.00,,$3232.47,CheckingSavings
Direct College J-Term/Spring 2021,1/2/2021,,$444.00,Direct College,,Savings,-$444.00,,$2788.47,Savings
Kansas Gas,1/3/2021,$10.00,$15.85,Travel,Checking,Discover,-$5.85,,$2782.62,CheckingDiscover
Illinois Gas,1/3/2021,,$23.31,Travel,,Discover,-$23.31,,$2759.31,Discover
Interest,1/10/2021,$2.64,,Interest ,Savings,,$2.64,,$2761.95,Savings
Discover Payment,1/19/2021,$338.86,$338.86,Misc,Discover,Savings,$0.00,,$2761.95,DiscoverSavings
Discover Rewards,1/21/2021,$55.00,,Rewards,Gift Card,,$55.00,,$2816.95,Gift Card
Taylor Paycheck,1/22/2021,$236.51,,Work,Savings,,$236.51,,$3053.46,Savings
Upland Gas,1/23/2021,,$24.29,Transportation,,Discover,-$24.29,,$3029.17,Discover
Walmart M Gifts,1/25/2021,,$30.83,M,,Discover,-$30.83,,$2998.34,Discover
Amazon M Gifts,1/25/2021,,$43.68,M,,Gift Card,-$43.68,,$2954.66,Gift Card
Urban Light Tithe,1/26/2021,,$20.00,Tithe (Legal),,Discover,-$20.00,,$2934.66,Discover
Walmart Date,1/28/2021,,$5.19,M,,Checking,-$5.19,,$2929.47,Checking
Apple Subscription,1/28/2021,,$6.39,Entertainment,,Discover,-$6.39,,$2923.08,Discover
Apple Developer Program Enrollment,1/31/2021,,$107.17,Education,,Apple Card,-$107.17,,$2815.91,Apple Card
Insurance auto Transfer,2/1/2021,$46.17,$46.17,Transportation,Checking,Savings,$0.00,,$2815.91,CheckingSavings
Apple Card Payment,2/1/2021,$16.73,$16.73,Misc,Apple Card,Savings,$0.00,,$2815.91,Apple CardSavings
Amazon Textbooks,2/1/2021,$20.00,$80.50,Textbook,Checking,Discover,-$60.50,,$2755.41,CheckingDiscover
Amazon Gift Card towards textbook,2/1/2021,$6.32,$6.32,Textbook,Discover,Gift Card,$0.00,,$2755.41,DiscoverGift Card
The Visitor Movie Youtube,2/3/2021,,$2.15,M,,Discover,-$2.15,,$2753.26,Discover
Liberty Mutual Car Insurance,2/4/2021,,$49.79,Transportation,,Checking,-$49.79,,$2703.47,Checking
Taylor Paycheck,2/5/2021,$232.95,,Work,Savings,,$232.95,,$2936.42,Savings
Apple Card Daily Cash,2/6/2021,$3.55,,Rewards, Cash,,$3.55,,$2939.97, Cash
Interest,2/10/2021,$1.54,,Interest ,Savings,,$1.54,,$2941.51,Savings
Haircut by Tessa,2/10/2021,,$10.00,Cosmetics,,Checking,-$10.00,,$2931.51,Checking
ACM Membership,2/12/2021,,$42.00,Textbook,,Discover,-$42.00,,$2889.51,Discover
IEEE Membership,2/12/2021,,$32.00,Textbook,,Discover,-$32.00,,$2857.51,Discover
Nathan B-Day Mexican Lunch,2/14/2021,,$26.84,Food,,Discover,-$26.84,,$2830.67,Discover
Flowers for 5G,2/14/2021,,$1.00,Gift,,Checking,-$1.00,,$2829.67,Checking
Discover Payment,2/15/2021,$990.46,$990.46,Misc,Discover,Savings,$0.00,,$2829.67,DiscoverSavings
Taylor Aquatic ferret  Fee,2/16/2021,,$25.00,Fees,,Checking,-$25.00,,$2804.67,Checking
Airband Set,2/16/2021,,$5.00,Entertainment,,Checking,-$5.00,,$2799.67,Checking
Dollar General,2/19/2021,,$2.46,Food,,Discover,-$2.46,,$2797.21,Discover
Taylor Paycheck,2/19/2021,$24.00,,Work,Savings,,$24.00,,$2821.21,Savings
Gas,2/19/2021,,$27.53,Transportation,,Apple Card,-$27.53,,$2793.68,Apple Card
Urban Light Tithe,2/26/2021,,$20.00,Tithe (Legal),,Discover,-$20.00,,$2773.68,Discover
Insurance auto Transfer,3/1/2021,$46.18,$46.17,Travel,Checking,Savings,$0.01,,$2773.69,CheckingSavings
Walmart Date & Groceries,3/4/2021,,$56.95,M,,Discover,-$56.95,,$2716.74,Discover
Apple Subscription,3/4/2021,,$6.39,Entertainment,,Discover,-$6.39,,$2710.35,Discover
Liberty Mutual Car Insurance,3/4/2021,,$49.80,Transportation,,Checking,-$49.80,,$2660.55,Checking
South Bend Chocolate Factory,3/7/2021,,$6.77,M,,Discover,-$6.77,,$2653.78,Discover
Meijer Groceries,3/7/2021,,$5.73,Groceries,,Apple Card,-$5.73,,$2648.05,Apple Card
Interest,3/10/2021,$1.15,,Interest ,Savings,,$1.15,,$2649.20,Savings
Discover Payment,3/15/2021,$258.68,$258.68,Misc,Discover,Savings,$0.00,,$2649.20,DiscoverSavings
Goodwill Clothes,3/20/2021,,$25.00,Clothes,,Discover,-$25.00,,$2624.20,Discover
Taco Bell,3/20/2021,,$12.68,M,,Discover,-$12.68,,$2611.52,Discover
Stimulus Check 1&2,3/26/2021,$1800.00,,Grant,Savings,,$1800.00,,$4411.52,Savings
2020 Taxes,3/26/2021,$564.00,$442.00,Work,Savings,Savings,$122.00,,$4533.52,SavingsSavings
Urban Light Tithe,3/26/2021,,$20.00,Tithe (Legal),,Discover,-$20.00,,$4513.52,Discover
Apple Subscription,3/28/2021,,$6.39,Entertainment,,Discover,-$6.39,,$4507.13,Discover
Apple Card Payment,3/31/2021,$134.70,$134.70,Misc,Apple Card,Savings,$0.00,,$4507.13,Apple CardSavings
Gas,3/31/2021,,$33.74,Transportation,,Apple Card,-$33.74,,$4473.39,Apple Card
Insurance auto Transfer,4/1/2021,$46.17,$46.17,Misc,Checking,Savings,$0.00,,$4473.39,CheckingSavings
Airband,4/2/2021,,$6.94,Entertainment,,Discover,-$6.94,,$4466.45,Discover
CARES Check,4/6/2021,$450.00,,Grant,Savings,,$450.00,,$4916.45,Savings
Liberty Mutual Car Insurance,4/6/2021,$0.01,$49.80,Transportation,Checking,Checking,-$49.79,,$4866.66,CheckingChecking
Stimulus Check 3,4/7/2021,$1400.00,,Grant,Savings,,$1400.00,,$6266.66,Savings
Interest,4/10/2021,$1.57,,Interest ,Savings,,$1.57,,$6268.23,Savings
Discover Payment,4/16/2021,$92.57,$92.57,Misc,Discover,Savings,$0.00,,$6268.23,DiscoverSavings
Wendy’s,4/18/2021,,$3.20,Food,,Apple Card,-$3.20,,$6265.03,Apple Card
Gas,4/18/2021,,$30.45,Transportation,,Apple Card,-$30.45,,$6234.58,Apple Card
Apartment Admin Fees,4/23/2021,,$95.00,Housing,,Apartment,-$95.00,,$6139.58,Apartment
Urban Light Tithe,4/26/2021,,$20.00,Tithe (Legal),,Discover,-$20.00,,$6119.58,Discover
Madison Flight COS —> SB,5/1/2021,,$118.20,M,,Apple Card,-$118.20,,$6001.38,Apple Card
Colorado Apartment,5/1/2021,$157.50,$315.00,Housing,Apartment,Savings,-$157.50,,$5843.88,ApartmentSavings
IHOP FOSO Fancy PAD,5/1/2021,,$31.55,M,,Discover,-$31.55,,$5812.33,Discover
Gas,5/2/2021,,$32.58,Transportation,,Discover,-$32.58,,$5779.75,Discover
Car Vacume,5/3/2021,,$2.00,Transportation,,Discover,-$2.00,,$5777.75,Discover
Culvers-Ice Cream,5/3/2021,,$4.63,M,,Discover,-$4.63,,$5773.12,Discover
Apple Card Payment,5/3/2021,$5.73,$5.73,Misc,Apple Card,Savings,$0.00,,$5773.12,Apple CardSavings
Apple Subscription,5/4/2021,,$6.39,Entertainment,,Discover,-$6.39,,$5766.73,Discover
Amazon Car Topper,5/4/2021,$75.10,$75.10,Transportation,Checking,Discover,$0.00,,$5766.73,CheckingDiscover
"Amazon adapter, sprayer, cable",5/4/2021,$0.02,$17.00,Tech,Checking,Discover,-$16.98,,$5749.75,CheckingDiscover
Liberty Mutual Car Insurance,5/5/2021,,$50.81,Transportation,,Savings,-$50.81,,$5698.94,Savings
Interest,5/10/2021,$2.39,,Interest ,Savings,,$2.39,,$5701.33,Savings
Gas Taylor —> Wichita,5/15/2021,,$24.18,Travel,,Discover,-$24.18,,$5677.15,Discover
Gas Taylor —> Wichita,5/15/2021,$24.90,$31.59,Travel,Checking,Discover,-$6.69,,$5670.46,CheckingDiscover
Subway Lunch,5/15/2021,,$5.38,Food,,Checking,-$5.38,,$5665.08,Checking
Discover Payment,5/17/2021,$71.01,$71.01,Misc,Discover,Savings,$0.00,,$5665.08,DiscoverSavings
Kratos Housing Reimbursement: May,5/18/2021,$500.00,,Housing,Savings,,$500.00,,$6165.08,Savings
Colorado Apartment,5/18/2021,$114.01,$228.02,Housing,Apartment,Savings,-$114.01,,$6051.07,ApartmentSavings
Daily Cash,5/19/2021,$3.22,$0.31,Rewards, Cash,Apple Card,$2.91,,$6053.98, CashApple Card
Gas WIT-->COS,5/20/2021,,$32.58,Travel,,Discover,-$32.58,,$6021.40,Discover
Walmart: Initial Kitchen Fillup,5/20/2021,$48.96,$97.91,Groceries,Apartment,Discover,-$48.96,,$5972.45,ApartmentDiscover
Walmart: Family Supplies,5/20/2021,,$13.86,Groceries,,Discover,-$13.86,,$5958.59,Discover
Acorns Invest,5/20/2021,$5.00,$5.00,Misc,Acorns,Checking,$0.00,,$5958.59,AcornsChecking
May Rent,5/20/2021,,$176.51,Housing,,Apartment,-$176.51,,$5782.08,Apartment
Walmart: Toilet Supplies,5/21/2021,$7.42,$14.83,Groceries,Apartment,Discover,-$7.42,,$5774.67,ApartmentDiscover
Liz Gift & Groceries,5/22/2021,,$34.72,Groceries,,Discover,-$34.72,,$5739.95,Discover
"The Arc: Lamp, Desk, Chair",5/23/2021,$33.53,$67.05,Furnishing,Apartment,Discover,-$33.53,,$5706.42,ApartmentDiscover
Goodwill: Shoes & Lamp,5/23/2021,,$13.00,Clothes,,Discover,-$13.00,,$5693.42,Discover
Safeway: Food,5/23/2021,$8.23,$16.45,Groceries,Apartment,Discover,-$8.23,,$5685.20,ApartmentDiscover
Goodwill: Table & Chairs,5/23/2021,,$34.50,Furnishing,,Apartment,-$34.50,,$5650.70,Apartment
Sunglasses,5/24/2021,,$10.89,Clothes,,Discover,-$10.89,,$5639.81,Discover
Acorns Transfer,5/24/2021,$100.00,$100.00,Misc,Acorns,Checking,$0.00,,$5639.81,AcornsChecking
Movie Date: Food,5/25/2021,,$25.95,M,,Discover,-$25.95,,$5613.86,Discover
COS Gas,5/25/2021,,$31.70,Transportation,,Apple Card,-$31.70,,$5582.16,Apple Card
Movie Date Tickets,5/25/2021,,$15.00,M,,Apple Card,-$15.00,,$5567.16,Apple Card
Urban Light Tithe,5/26/2021,,$20.00,Tithe (Legal),,Discover,-$20.00,,$5547.16,Discover
Walmart: Chicken Meals & Cleaning Supplies,5/27/2021,$34.50,$69.00,Groceries,Apartment,Discover,-$34.50,,$5512.66,ApartmentDiscover
Walmart: Paper Towels Sandwich,5/28/2021,,$9.87,Groceries,,Apartment,-$9.87,,$5502.79,Apartment
Apple Subscription,5/29/2021,,$6.39,Entertainment,,Discover,-$6.39,,$5496.40,Discover
Portal,5/31/2021,$16.22,$16.22,Entertainment,Checking,Discover,$0.00,,$5496.40,CheckingDiscover
Apple Card Payment,5/31/2021,$154.56,$154.56,Payment,Apple Card,Savings,$0.00,,$5496.40,Apple CardSavings
Monthly Transfer,6/1/2021,$850.00,$850.00,Misc,Checking,Savings,$0.00,,$5496.40,CheckingSavings
June Rent,6/1/2021,,$450.30,Housing,,Apartment,-$450.30,,$5046.10,Apartment
Kratos Housing Reimbursement: Jun,6/1/2021,$500.00,,Housing,Savings,,$500.00,,$5546.10,Savings
West Gerig Icecream,6/2/2021,,$4.27,Food,,Discover,-$4.27,,$5541.83,Discover
Acorns Deposit,6/2/2021,$25.00,$25.00,Investments,Acorns,Checking,$0.00,,$5541.83,AcornsChecking
Rent Payment: June,6/2/2021,$300.20,$600.40,Housing,Apartment,Checking,-$300.20,,$5241.63,ApartmentChecking
Car Insurance,6/4/2021,,$50.81,Transportation,,Checking,-$50.81,,$5190.82,Checking
Bagel Sandwitch,6/5/2021,,$7.35,Food,,Discover,-$7.35,,$5183.47,Discover
C Squad Icecream,6/5/2021,,$3.43,Food,,Discover,-$3.43,,$5180.04,Discover
Goodwill: Toaster,6/6/2021,$3.00,$6.00,Groceries,Apartment,Discover,-$3.00,,$5177.04,ApartmentDiscover
Ivy Food Court: Chicken Tenders,6/6/2021,$7.58,$15.15,Food,Apartment,Discover,-$7.58,,$5169.47,ApartmentDiscover
Goodwill: Dishes,6/6/2021,$8.00,$16.00,Groceries,Apartment,Discover,-$8.00,,$5161.47,ApartmentDiscover
Walmart: Groceries,6/6/2021,$60.30,$120.59,Groceries,Apartment,Discover,-$60.30,,$5101.17,ApartmentDiscover
Walmart: M B-pack,6/6/2021,,$24.35,Groceries,,Discover,-$24.35,,$5076.82,Discover
Postage: M Backpack,6/7/2021,,$14.20,M,,Discover,-$14.20,,$5062.62,Discover
Walmart: Pictures & Air Scent,6/8/2021,,$14.43,Groceries,,Discover,-$14.43,,$5048.19,Discover
COS Gas,6/8/2021,$0.02,$24.91,Transportation,Checking,Checking,-$24.89,,$5023.30,CheckingChecking
Interest,6/10/2021,$2.16,,Interest ,Savings,,$2.16,,$5025.46,Savings
Kratos Paycheck,6/11/2021,$571.86,,Work,Savings,,$571.86,,$5597.32,Savings
 Cash Rewards,6/12/2021,$0.47,,Rewards, Cash,,$0.47,,$5597.79, Cash
Madison Fly ORD -> WIT,6/13/2021,$40.00,$138.40,M,Checking,Discover,-$98.40,,$5499.39,CheckingDiscover
Urban Light Tithe,6/13/2021,,$40.00,Tithe (Legal),,Discover,-$40.00,,$5459.39,Discover
Discover Payment,6/15/2021,$245.02,$245.02,Misc,Discover,Savings,$0.00,,$5459.39,DiscoverSavings
Walmart butter and half&half,6/15/2021,,$2.50,Food,,Apartment,-$2.50,,$5456.89,Apartment
Ally Invest Deposit,6/18/2021,$1000.00,$1000.00,Investments,Ally Invest,Savings,$0.00,,$5456.89,Ally InvestSavings
COS Gas,6/19/2021,,$39.77,Transportation,,Discover,-$39.77,,$5417.12,Discover
Goodwill: Mini Fan,6/20/2021,$3.50,$7.00,Groceries,Apartment,Discover,-$3.50,,$5413.62,ApartmentDiscover
"Walmart: Chicken, Fan, Grocercies",6/20/2021,$76.99,$153.98,Groceries,Apartment,Discover,-$76.99,,$5336.63,ApartmentDiscover
 Watch for M,6/20/2021,$6.14,$204.50,M, Cash,Apple Card,-$198.36,,$5138.27, CashApple Card
iPhone XR,6/20/2021,$15.54,$507.46,Tech,Checking,Apple Card,-$491.92,,$4646.35,CheckingApple Card
Acorns Subscription,6/21/2021,,$1.00,Investments,,Checking,-$1.00,,$4645.35,Checking
Amazon Prime,6/22/2021,,$7.03,Tech,,Discover,-$7.03,,$4638.32,Discover
"Phone case, wallet, car charger",6/23/2021,,$70.51,Tech,,Discover,-$70.51,,$4567.81,Discover
Apple Cash Transfer,6/24/2021,$63.35,$63.35,Misc,Checking, Cash,$0.00,,$4567.81,Checking Cash
Kratos Paycheck,6/25/2021,$1295.39,,Work,Savings,,$1295.39,,$5863.20,Savings
Incline Pizza Lunch,6/26/2021,$12.00,$24.00,Food,Checking,Discover,-$12.00,,$5851.20,CheckingDiscover
Fly DEN->ORD,6/27/2021,,$108.40,Travel,,Discover,-$108.40,,$5742.80,Discover
Fly ORD->DEN,6/27/2021,,$86.00,Travel,,Discover,-$86.00,,$5656.80,Discover
Discover Payment,6/27/2021,$1121.31,$1121.31,Misc,Discover,Savings,$0.00,,$5656.80,DiscoverSavings
May/June Utilities,6/28/2021,$73.32,$146.64,Housing,Apartment,Checking,-$73.32,,$5583.48,ApartmentChecking
Walmart: Breakfast Stuff,6/29/2021,$5.44,$10.88,Groceries,Apartment,Discover,-$5.44,,$5578.04,ApartmentDiscover
Apple Subscription,6/29/2021,,$6.39,Entertainment,,Gift Card,-$6.39,,$5571.65,Gift Card
Apple Card Payment,6/30/2021,$78.04,$78.04,Misc,Apple Card,Savings,$0.00,,$5571.65,Apple CardSavings
Monthly Savings Withdrawl,7/1/2021,$850.00,$850.00,Misc,Checking,Savings,$0.00,,$5571.65,CheckingSavings
July Rent + May Utilities (Gabe),7/2/2021,,$461.27,Housing,,Apartment,-$461.27,,$5110.38,Apartment
Acorns Deposit,7/2/2021,$25.00,$25.00,Investments,Acorns,Checking,$0.00,,$5110.38,AcornsChecking
July Rent + May Utilities (Rob),7/2/2021,$307.52,$615.04,Housing,Apartment,Savings,-$307.52,,$4802.86,ApartmentSavings
July Rent Kratos Reimbursement,7/2/2021,$500.00,,Housing,Savings,,$500.00,,$5302.86,Savings
McDonald's Date,7/4/2021,,$18.88,M,,Discover,-$18.88,,$5283.98,Discover
Icecream w/ Tim & Gillian,7/4/2021,,$3.21,Food,,Discover,-$3.21,,$5280.77,Discover
Prime Movie Date,7/4/2021,,$4.32,M,,Discover,-$4.32,,$5276.45,Discover
M’s Train Ticket,7/4/2021,,$32.00,M,,Apple Card,-$32.00,,$5244.45,Apple Card
McDonald's,7/5/2021,,$5.17,Food,,Discover,-$5.17,,$5239.28,Discover
Airbnb Milwaukee,7/6/2021,,$105.44,Travel,,Discover,-$105.44,,$5133.84,Discover
Liberty Mutual,7/6/2021,,$50.81,Transportation,,Checking,-$50.81,,$5083.03,Checking
Gas COS -> WIT,7/6/2021,$25.00,$50.60,Travel,Checking,Checking,-$25.60,,$5057.43,CheckingChecking
Amtrack to Chicago --> Milwaukee,7/7/2021,,$24.00,Travel,,Discover,-$24.00,,$5033.43,Discover
Gas WIT --> COS,7/7/2021,$25.04,$59.29,Travel,Checking,Checking,-$34.25,,$4999.18,CheckingChecking
GasBuddy,7/9/2021,,$34.67,Transportation,,Checking,-$34.67,,$4964.51,Checking
Kratos Paycheck,7/9/2021,$2244.90,$1000.00,Work,Savings,Savings,$1244.90,,$6209.41,SavingsSavings
Walmart Groceries,7/9/2021,,$13.00,Food,,Apartment,-$13.00,,$6196.41,Apartment
Denver Parking,7/10/2021,,$19.99,Travel,,Discover,-$19.99,,$6176.42,Discover
Chicago Hotel,7/10/2021,,$80.68,Travel,,Discover,-$80.68,,$6095.74,Discover
Car Regestration Renewal,7/10/2021,,$74.50,Transportation,,Discover,-$74.50,,$6021.24,Discover
Interest Paid,7/10/2021,$1.56,,Interest,Savings,,$1.56,,$6022.80,Savings
Acorns Invest Transfer,7/12/2021,$750.00,$750.00,Misc,Acorns,Checking,$0.00,,$6022.80,AcornsChecking
Urban Light Tithe,7/13/2021,,$40.00,Tithe (Legal),,Discover,-$40.00,,$5982.80,Discover
Bannana Split,7/14/2021,,$7.94,Food,,Discover,-$7.94,,$5974.86,Discover
Acorns Subscription,7/21/2021,,$1.00,Investments,,Checking,-$1.00,,$5973.86,Checking
Chips,7/23/2021,,$1.50,Food,,Discover,-$1.50,,$5972.36,Discover
Milwauke Trip Public Transportation,7/23/2021,,$5.00,Travel,,Discover,-$5.00,,$5967.36,Discover
Kratos Paycheck,7/23/2021,$1627.69,$500.00,Work,Savings,Savings,$1127.69,,$7095.05,SavingsSavings
Kratos Retirement Match,7/23/2021,$68.02,,Retirement,Retirement,,$68.02,,$7163.07,Retirement
Kratos Retirement Deposit,7/23/2021,$90.70,,Retirement,Retirement,,$90.70,,$7253.77,Retirement
M Scents,7/25/2021,$40.00,$59.08,M,Checking,Discover,-$19.08,,$7234.69,CheckingDiscover
Whole Foods,7/26/2021,$9.97,$19.93,Groceries,Apartment,Discover,-$9.97,,$7224.73,ApartmentDiscover
Panera Date,7/26/2021,,$22.85,M,,Discover,-$22.85,,$7201.88,Discover
Gas: Carpet,7/26/2021,,$30.79,Transportation,,Checking,-$30.79,,$7171.09,Checking
Milwaukee Public Transportation,7/26/2021,,$14.50,Travel,,Apple Card,-$14.50,,$7156.59,Apple Card
Gas: Esta,7/27/2021,,$36.13,M,,Checking,-$36.13,,$7120.46,Checking
Gas: Mt Yale,7/28/2021,,$5.00,Transportation,,Checking,-$5.00,,$7115.46,Checking
Apple Subscription,7/29/2021,,$6.39,Entertainment,,Gift Card,-$6.39,,$7109.07,Gift Card
July Utilities,7/30/2021,$61.52,$123.04,Housing,Apartment,Checking,-$61.52,,$7047.55,ApartmentChecking
Apple Card Payment,7/31/2021,$711.96,$711.96,Misc,Apple Card,Savings,$0.00,,$7047.55,Apple CardSavings
Checking Transfer,7/31/2021,$2600.00,$2600.00,,Checking,Savings,$0.00,,$7047.55,CheckingSavings
Good Grades Reward,7/31/2021,$20.00,,Rewards,Discover,,$20.00,,$7067.55,Discover
Wal-Mart,8/1/2021,$35.32,$70.64,Groceries,Apartment,Discover,-$35.32,,$7032.23,ApartmentDiscover
Ally Invest Deposit,8/2/2021,$500.00,$500.00,Investments,Ally Invest,Checking,$0.00,,$7032.23,Ally InvestChecking
Acorns Deposit,8/2/2021,$25.00,$25.00,Investments,Acorns,Checking,$0.00,,$7032.23,AcornsChecking
Acorns Deposit,8/3/2021,$1500.00,$1500.00,Investments,Acorns,Checking,$0.00,,$7032.23,AcornsChecking
August Rent,8/3/2021,,$436.48,Housing,,Checking,-$436.48,,$6595.75,Checking
August Rent,8/3/2021,,$109.11,Housing,,Apartment,-$109.11,,$6486.64,Apartment
Shark Week Chocolate,8/4/2021,,$2.78,M,,Checking,-$2.78,,$6483.86,Checking
Liberty Mutual,8/4/2021,,$50.81,Transportation,,Checking,-$50.81,,$6433.05,Checking
Kratos Paycheck,8/6/2021,$1177.49,,Work,Savings,,$1177.49,,$7610.54,Savings
Kratos Retirement Match,8/6/2021,$71.24,,Retirement,Retirement,,$71.24,,$7681.78,Retirement
Kratos Retirement Deposit,8/6/2021,$94.98,,Retirement,Retirement,,$94.98,,$7776.76,Retirement
Goodwill Clothes & Shoes,8/8/2021,,$30.00,Clothes,,Discover,-$30.00,,$7746.76,Discover
Icecream w/ Timmy,8/10/2021,,$5.36,Food,,Discover,-$5.36,,$7741.40,Discover
COS Gas,8/10/2021,$0.04,$40.01,Transportation,Checking,Checking,-$39.97,,$7701.43,CheckingChecking
Interest Paid,8/10/2021,$1.95,,Interest,Savings,,$1.95,,$7703.38,Savings
5D Chess & Other Games,8/11/2021,,$9.00,Entertainment,,Discover,-$9.00,,$7694.38,Discover
Airpods & Wireless Charging Pad,8/11/2021,,$234.78,Tech,,Discover,-$234.78,,$7459.60,Discover
Urban Light Tithe,8/13/2021,,$40.00,Tithe (Legal),,Discover,-$40.00,,$7419.60,Discover
Snowl,8/14/2021,,$6.75,Food,,Checking,-$6.75,,$7412.85,Checking
Special Sodas,8/14/2021,,$5.38,M,,Discover,-$5.38,,$7407.47,Discover
Sushi Katsu 2,8/14/2021,,$23.73,Food,,Discover,-$23.73,,$7383.74,Discover
Discover Payment,8/15/2021,$613.41,$613.41,Misc,Discover,Savings,$0.00,,$7383.74,DiscoverSavings
King Soopers,8/15/2021,,$7.96,Groceries,,Discover,-$7.96,,$7375.78,Discover
Kratos Paycheck,8/20/2021,$1189.36,,Work,Savings,,$1189.36,,$8565.14,Savings
Kratos Retirement Deposit,8/20/2021,$168.00,,Retirement,Retirement,,$168.00,,$8733.14,Retirement
COS Deposit Reimbursement,8/20/2021,$96.82,,Housing,Savings,,$96.82,,$8829.96,Savings
Mr. Cox Gift,8/20/2021,$20.00,,Gift,Cash,,$20.00,,$8849.96,Cash
Gas COS --> TX,8/21/2021,,$37.05,Travel,,Discover,-$37.05,,$8812.91,Discover
soda,8/21/2021,,$1.40,Food,,Discover,-$1.40,,$8811.51,Discover
Carpet: Oil Change,8/23/2021,,$43.67,Transportation,,Discover,-$43.67,,$8767.84,Discover
TX Car Inspection,8/23/2021,,$7.00,Transportation,,Discover,-$7.00,,$8760.84,Discover
Acorns Subscription,8/23/2021,,$1.00,Investments,,Checking,-$1.00,,$8759.84,Checking
Gas COS --> TX,8/24/2021,,$58.25,Travel,,Checking,-$58.25,,$8701.59,Checking
Ally Transfer,8/25/2021,$219.20,$219.20,Misc,Checking,Savings,$0.00,,$8701.59,CheckingSavings
August Utilities,8/26/2021,$76.23,$152.46,Housing,Apartment,Checking,-$76.23,,$8625.36,ApartmentChecking
Kratos Paycheck,8/26/2021,$566.34,,Work,Savings,,$566.34,,$9191.70,Savings
Kratos Retirement Deposit,8/26/2021,$74.74,$48.41,Retirement,Retirement,Apartment,$26.33,,$9218.03,RetirementApartment
Apartment Zeroring Balance,8/27/2021,$32.55,$32.55,Misc,Checking,Apartment,$0.01,,$9218.03,CheckingApartment
M Round Trip Flight To Prauge,8/28/2021,,$467.95,M,,Apple Card,-$467.95,,$8750.08,Apple Card
Apple Subscription,8/29/2021,,$6.39,Entertainment,,Gift Card,-$6.39,,$8743.69,Gift Card
Gas TX --> Taylor,8/30/2021,,$67.46,Travel,,Checking,-$67.46,,$8676.23,Checking
Ally Transfer,8/31/2021,$218.00,$218.00,Misc,Checking,Savings,$0.00,,$8743.69,CheckingSavings
Apple Card Payment,8/31/2021,$46.50,$46.50,Misc,Apple Card,Savings,$0.00,,$8743.69,Apple CardSavings
Things for iOS,8/31/2021,,$10.81,Tech,,Gift Card,-$10.81,,$8732.88,Gift Card
Architecture Textbook,9/2/2021,,$31.26,Textbook,,Discover,-$31.26,,$8701.62,Discover
Initiation IHOP,9/2/2021,,$26.65,Food,,Discover,-$26.65,,$8674.97,Discover
Flight LAS --> IND,9/3/2021,,$70.00,Travel,,Apple Card,-$70.00,,$8631.62,Apple Card
Flight IND --> LAS,9/3/2021,,$61.98,Travel,,Apple Card,-$61.98,,$8569.64,Apple Card
Outback 1 Year Date,9/4/2021,,$38.19,M,,Discover,-$38.19,,$8531.45,Discover
Bike,9/4/2021,,$115.56,Transportation,,Discover,-$115.56,,$8415.89,Discover
Chalk Walk PAD Ivanhoes,9/4/2021,,$8.56,M,,Discover,-$8.56,,$8407.33,Discover
Walmart Picnic Date,9/4/2021,,$40.91,M,,Discover,-$40.91,,$8366.42,Discover
Gerig Dinner,9/7/2021,,$4.00,Food,,Checking,-$4.00,,$8362.42,Checking
Liberty Mutual,9/7/2021,,$50.81,Transportation,,Checking,-$50.81,,$8311.61,Checking
Gas Taylor,9/8/2021,,$31.96,Transportation,,Checking,-$31.96,,$8279.65,Checking
Taylor COVID Check,9/8/2021,$250.00,,Grant,Savings,,$250.00,,$8529.65,Savings
Interest Paid,9/10/2021,$1.84,,Interest,Savings,,$1.84,,$8531.49,Savings
Interest Paid,9/10/2021,$0.01,,Interest,Checking,,$0.01,,$8531.50,Checking
Deli Lunch KJ Double Date,9/12/2021,,$16.32,Food,,Discover,-$16.32,,$8515.18,Discover
Urban Light Tithe,9/13/2021,,$40.00,Tithe (Legal),,Discover,-$40.00,,$8475.18,Discover
Things for Mac,9/15/2021,,$29.09,Tech,,Discover,-$29.09,,$8446.09,Discover
Things for Mac,9/15/2021,,$25.02,Tech,,Gift Card,-$25.02,,$8421.07,Gift Card
Discover Payment,9/15/2021,$515.21,$515.21,Misc,Discover,Savings,$0.00,,$8446.09,DiscoverSavings
Capstone Textbook,9/16/2021,,$13.90,Textbook,,Discover,-$13.90,,$8432.19,Discover
KFC M dinner,9/19/2021,,$16.67,Food,,Discover,-$16.67,,$8415.52,Discover
Theory of Comp Textbook,9/19/2021,,$30.79,Textbook,,Discover,-$30.79,,$8384.73,Discover
Acorns Subscription,9/20/2021,,$1.00,Investments,,Checking,-$1.00,,$8383.73,Checking
Gas Upland,9/21/2021,,$30.63,Transportation,,Checking,-$30.63,,$8353.10,Checking
Sacred Search Book,9/22/2021,,$8.50,Textbook,,Checking,-$8.50,,$8344.60,Checking
iCloud Apple Subscription,9/28/2021,,$0.99,Tech,,Discover,-$0.99,,$8343.61,Discover
Taylor Scholarship Reimbursement,9/28/2021,$948.00,,Grant,Savings,,$948.00,,$9291.61,Savings
Brigaderos from Tessa,9/28/2021,,$2.00,Food,,Checking,-$2.00,,$9289.61,Checking
3 Months Spotify,9/30/2021,,$9.99,Entertainment,,Discover,-$9.99,,$9279.62,Discover
Apple Card Payment,9/30/2021,$467.95,$467.95,Payment,Apple Card,Savings,$0.00,,$9279.62,Apple CardSavings
Taylor Paycheck,10/1/2021,$13.75,,Work,Savings,,$13.75,,$9293.37,Savings
Apple Cash Rewards Transfer,10/2/2021,$6.29,,Misc,Checking,,$6.29,,$9299.66,Checking
Sallie's Ice Cream,10/2/2021,,$5.82,Food,,Discover,-$5.82,,$9293.84,Discover
Tyler Visit Gas,10/3/2021,,$7.00,Transportation,,Checking,-$7.00,,$9286.84,Checking
Subway,10/3/2021,,$6.43,Food,,Discover,-$6.43,,$9280.41,Discover
Liberty Mutual,10/6/2021,,$50.81,Transportation,,Checking,-$50.81,,$9229.60,Checking
Interest Paid,10/10/2021,$0.01,,Interest,Checking,,$0.01,,$9229.61,Checking
Interest Paid,10/10/2021,$1.98,,Interest,Savings,,$1.98,,$9231.59,Savings
Plant for M,10/12/2021,,$5.00,M,,Discover,-$5.00,,$9226.59,Discover
Peacock,10/13/2021,,$5.40,Entertainment,,Discover,-$5.40,,$9221.19,Discover
Urban Light Tithe,10/13/2021,,$40.00,Tithe (Legal),,Discover,-$40.00,,$9181.19,Discover
GasBuddy,10/13/2021,,$36.89,Transportation,,Checking,-$36.89,,$9144.30,Checking
Soccer Fees,10/15/2021,,$6.84,Fees,,Discover,-$6.84,,$9137.46,Discover
Discover Payment,10/15/2021,$497.02,$497.02,Misc,Discover,Savings,$0.00,,$9137.46,DiscoverSavings
Chargers,10/17/2021,,$45.88,Tech,,Discover,-$45.88,,$9091.58,Discover
Architecture Textbook,10/17/2021,,$74.96,Textbook,,Discover,-$74.96,,$9016.62,Discover
Indy Airport Parking,10/18/2021,,$70.00,Travel,,Discover,-$70.00,,$8946.62,Discover
Panda Express,10/18/2021,$8.00,$8.61,M,Checking,Discover,-$0.61,,$8946.01,CheckingDiscover
Fake Ring & Bow,10/19/2021,,$11.64,M,,Discover,-$11.64,,$8934.37,Discover
GasBuddy,10/20/2021,,$34.04,Transportation,,Checking,-$34.04,,$8900.33,Checking
Subscription Acorns,10/21/2021,,$1.00,Investments,,Checking,-$1.00,,$8899.33,Checking
Countdown Widget,10/22/2021,,$4.32,Tech,,Discover,-$4.32,,$8895.01,Discover
Haircut from Tessa,10/23/2021,,$15.00,Cosmetics,,Checking,-$15.00,,$8880.01,Checking
Transfer to Checking,10/23/2021,$120.00,$120.00,Misc,Checking,Savings,$0.00,,$8880.01,CheckingSavings
Mygen,10/25/2021,,$5.00,Entertainment,,Discover,-$5.00,,$8875.01,Discover
Apple iCloud Subscription,10/28/2021,,$0.99,Tech,,Discover,-$0.99,,$8874.02,Discover
Stadia FPS Game,10/29/2021,,$31.97,Entertainment,,Discover,-$31.97,,$8842.05,Discover
Flowers for M,10/30/2021,$0.53,$53.30,M,Checking,Apple Card,-$52.77,,$8789.28,CheckingApple Card
Applebees App Run,10/31/2021,,$6.22,Food,,Checking,-$6.22,,$8783.06,Checking
Apple Card Payment,10/31/2021,$131.98,$131.98,Misc,Apple Card,Savings,$0.00,,$8783.06,Apple CardSavings
Mosaic Night,11/2/2021,,$5.00,Entertainment,,Discover,-$5.00,,$8778.06,Discover
Liberty Mutual,11/4/2021,,$50.81,Transportation,,Checking,-$50.81,,$8727.25,Checking
M Photos,11/7/2021,,$3.04,M,,Discover,-$3.04,,$8724.21,Discover
Interest Paid,11/10/2021,$0.01,,Interest,Checking,,$0.01,,$8724.22,Checking
Interest Paid,11/10/2021,$1.92,,Interest,Savings,,$1.92,,$8726.14,Savings
Urban Light Tithe,11/13/2021,,$40.00,Groceries,,Discover,-$40.00,,$8686.14,Discover
Discover Payment,11/15/2021,$291.56,$291.56,Misc,Discover,Savings,$0.00,,$8686.14,DiscoverSavings
House Keeper Gift,11/19/2021,,$10.00,Gift,,Checking,-$10.00,,$8676.14,Checking
Gerig Thanksgiving,11/20/2021,,$5.00,Food,,Checking,-$5.00,,$8671.14,Checking
Spring Semester,11/20/2021,,$1348.20,Direct College,,Apple Card,-$1348.20,,$7322.94,Apple Card
Panera Bread,11/20/2021,,$12.39,Restaurants,,Apple Card,-$12.39,,$7310.55,Apple Card
Subscription Acorns,11/22/2021,,$1.00,Investments,,Checking,-$1.00,,$7309.55,Checking
Upland Gas,11/23/2021,,$36.79,Transportation,,Checking,-$36.79,,$7272.76,Checking
Texas Christmas Flights,11/26/2021,,$123.54,Travel,,Discover,-$123.54,,$7149.22,Discover
Ukelele,11/27/2021,,$54.48,M,,Discover,-$54.48,,$7094.74,Discover
Thanksgiving Gas,11/28/2021,,$40.01,Travel,,Discover,-$40.01,,$7054.73,Discover
Noodles & Company,11/28/2021,,$9.54,Food,,Discover,-$9.54,,$7045.19,Discover
Transfer,11/28/2021,$200.00,$200.00,Misc,Checking,Savings,$0.00,,$7045.19,CheckingSavings
Typora,11/29/2021,,$16.04,Tech,,Discover,-$16.04,,$7029.15,Discover
Thanksgiving Gas,11/30/2021,,$38.47,Travel,,Checking,-$38.47,,$6990.68,Checking
PAD Shirts,12/4/2021,,$20.00,Entertainment,,Checking,-$20.00,,$6970.68,Checking
Apple Card Rewards,12/5/2021,$27.33,,Rewards,Checking,,$27.33,,$6998.01,Checking
Thriftbooks,12/5/2021,,$12.71,M,,Apple Card,-$12.71,,$6985.30,Apple Card
Raspberry Pi Picos,12/5/2021,,$39.38,Tech,,Discover,-$39.38,,$6945.92,Discover
Refer A Friend,12/6/2021,$100.00,,Rewards,Discover,,$100.00,,$7045.92,Discover
Liberty Mutual,12/6/2021,,$50.77,Transportation,,Checking,-$50.77,,$6995.15,Checking
Upland Gas,12/7/2021,,$23.99,Transportation,,Checking,-$23.99,,$6971.16,Checking
Silas Pi Stuff,12/9/2021,,$52.70,Gift,,Discover,-$52.70,,$6918.46,Discover
Ring Box,12/9/2021,,$14.96,M,,Discover,-$14.96,,$6903.50,Discover
Raspberry Pi & Teapot Gifts,12/9/2021,,$72.74,Groceries,,Discover,-$72.74,,$6830.76,Discover
Apple Card Rewards,12/10/2021,$37.44,$36.00,Rewards,Checking,Checking,$1.44,,$6832.20,CheckingChecking
Interest Paid,12/10/2021,$0.01,,Interest,Checking,,$0.01,,$6832.21,Checking
Interest Paid,12/10/2021,$1.62,,Interest,Savings,,$1.62,,$6833.83,Savings
URBANLIGHTC 888-221-1161 CA,12/13/2021,,$40.00,Tithe (Legal),,Discover,-$40.00,,$6793.83,Discover
Grandma C B-Day,12/14/2021,$22.00,,Gift,Checking,,$22.00,,$6815.83,Checking
DISCOVER E-PAYMENT,12/16/2021,$90.32,$90.32,Misc,Discover,Savings,$0.00,,$6815.83,DiscoverSavings
Chicago Parking,12/16/2021,,$2.00,Fees,,Apple Card,-$2.00,,$6813.83,Apple Card
Apple TV for Parents,12/17/2021,,$54.00,Gift,,Checking,-$54.00,,$6759.83,Checking
Whataburger,12/19/2021,,$8.00,Food,,Apple Card,-$8.00,,$6751.83,Apple Card
Walmart Slinky,12/19/2021,,$3.79,Toys,,Apple Card,-$3.79,,$6748.04,Apple Card
Spiderman Movie,12/20/2021,,$8.00,Entertainment,,Checking,-$8.00,,$6740.04,Checking
Subscription Acorns,12/20/2021,,$1.00,Investments,,Checking,-$1.00,,$6739.04,Checking
Gas Chicago,12/20/2021,,$32.22,Transportation,,Checking,-$32.22,,$6706.82,Checking
Tyler Breakfast w/ Gavin,12/20/2021,,$14.30,Food,,Apple Card,-$14.30,,$6692.52,Apple Card
Parents Christmas Gift,12/21/2021,$50.00,,Gift,Checking,,$50.00,,$6742.52,Checking
Chicago Airport Parking,12/22/2021,,$60.00,Travel,,Discover,-$60.00,,$6682.52,Discover
Walmart Proposal Prep,12/22/2021,,$41.20,M,,Apple Card,-$41.20,,$6641.32,Apple Card
Tim Gift and Masks,12/23/2021,,$36.53,Gift,,Discover,-$36.53,,$6604.79,Discover
Liz Mug,12/24/2021,,$20.41,Gift,,Discover,-$20.41,,$6584.38,Discover
Canceled Amtrak Reward,12/27/2021,$0.40,$0.40,Misc,Checking,Apple Card,$0.00,,$6584.38,CheckingApple Card
Taylor Spring22 Bill,12/27/2021,,$101.00,Direct College,,Checking,-$101.00,,$6483.38,Checking
Transfer,12/27/2021,$200.00,$200.00,Misc,Checking,Savings,$0.00,,$6483.38,CheckingSavings
Acorns Earnings,12/27/2021,$42.39,,Investments,Acorns,,$42.39,,$6525.77,Acorns
ALDI Groceries,12/29/2021,,$6.97,Groceries,,Apple Card,-$6.97,,$6518.80,Apple Card
Spotify,12/30/2021,,$9.99,Entertainment,,Discover,-$9.99,,$6508.81,Discover
Apple,12/30/2021,,$2.79,Entertainment,,Discover,-$2.79,,$6506.02,Discover
Giordanos Lunch,12/31/2021,,$30.77,Food,,Apple Card,-$30.77,,$6475.25,Apple Card
Apple Card Payment,12/31/2021,$1393.89,$1393.89,Misc,Apple Card,Savings,$0.00,,$6475.25,Apple CardSavings
South Shore Chicago Train,12/31/2021,,$57.00,Travel,,Discover,-$57.00,,$6418.25,Discover
Acorns Invest Transfer,12/31/2021,$2352.84,$2352.84,Investments,Checking,Acorns,$0.00,,$6418.25,CheckingAcorns
Toll Road,1/2/2022,,$6.00,Transportation,,Apple Card,-$6.00,,$6412.25,Apple Card
Wal-Mart,1/3/2022,,$1.39,Groceries,,Discover,-$1.39,,$6410.86,Discover
GasBuddy,1/3/2022,,$30.92,Transportation,,Checking,-$30.92,,$6379.94,Checking
Ric Steam Gift Card,1/4/2022,,$25.00,Gift,,Discover,-$25.00,,$6354.94,Discover
Liberty Mutual,1/5/2022,,$49.42,Transportation,,Checking,-$49.42,,$6305.52,Checking
Tyler Wedding Fit,1/10/2022,,$12.67,Gift,,Discover,-$12.67,,$6292.85,Discover
Vollyball Imleagues,1/10/2022,,$6.84,Fees,,Discover,-$6.84,,$6286.01,Discover
Interest Paid,1/10/2022,$0.08,,Interest,Checking,,$0.08,,$6286.09,Checking
Interest Paid,1/10/2022,$1.38,,Interest,Savings,,$1.38,,$6287.47,Savings
Urban Light Tithe,1/13/2022,,$40.00,Tithe (Legal),,Discover,-$40.00,,$6247.47,Discover
Discover Payment,1/15/2022,$363.39,$363.39,Misc,Discover,Savings,$0.00,,$6247.47,DiscoverSavings
Tim Loan,1/18/2022,$4000.00,$4000.00,Misc,Checking,Tim Loan,$0.00,,$6247.47,CheckingTim Loan
Gable Hill Booking,1/19/2022,,$850.00,Wedding,,Apple Card,-$850.00,,$5397.47,Apple Card
Gas,1/19/2022,,$30.34,Transportation,,Checking,-$30.34,,$5367.13,Checking
Gas,1/19/2022,,$29.00,Transportation,,Checking,-$29.00,,$5338.13,Checking
Subscription Acorns,1/21/2022,,$1.00,Investments,,Checking,-$1.00,,$5337.13,Checking
Applebees Aps,1/24/2022,,$9.21,Food,,Checking,-$9.21,,$5327.92,Checking
Discover Rewards,1/24/2022,$95.00,,Rewards,Gift Card,,$95.00,,$5422.92,Gift Card
Textbook: Where Wisdom May Be Found,1/25/2022,,$10.69,Textbook,,Discover,-$10.69,,$5412.23,Discover
Discount Tire: 4 Tires,1/26/2022,,$385.39,Travel,,Apple Card,-$385.39,,$5026.84,Apple Card
Razor,1/26/2022,,$3.67,Groceries,,Discover,-$3.67,,$5023.17,Discover
GasBuddy,1/28/2022,,$30.56,Transportation,,Checking,-$30.56,,$4992.61,Checking
Apple Subscription,1/28/2022,,$0.99,Entertainment,,Apple Card,-$0.99,,$4991.62,Apple Card
Apple Card Payment,2/1/2022,$109.37,$109.37,Misc,Apple Card,Savings,$0.00,,$4991.62,Apple CardSavings
Liberty Mutual,2/4/2022,,$49.42,Transportation,,Checking,-$49.42,,$4942.20,Checking
Wedding Venue Gable Hills,2/4/2022,,$1575.00,Wedding,,Checking,-$1575.00,,$3367.20,Checking
M Socks and Sun Prisms,2/6/2022,,$27.80,M,,Discover,-$27.80,,$3339.40,Discover
Differential Equations Matlab Book,2/9/2022,,$21.54,Textbook,,Discover,-$21.54,,$3317.86,Discover
Invitation Envelops,2/9/2022,,$9.00,Wedding,,Discover,-$9.00,,$3308.86,Discover
Daily Cash Adjustment,2/9/2022,$0.83,$0.83,,Checking,Apple Card,$0.00,,$3308.86,CheckingApple Card
Goodwill Cups Bubbles,2/10/2022,,$3.00,Entertainment,,Discover,-$3.00,,$3305.86,Discover
Club FOSO Bubbles Materials,2/10/2022,,$56.96,Entertainment,,Discover,-$56.96,,$3248.90,Discover
Interest Paid,2/10/2022,$0.44,,Interest,Checking,,$0.44,,$3249.34,Checking
Interest Paid,2/10/2022,$0.76,,Interest,Savings,,$0.76,,$3250.10,Savings
Delta Flight Seattle —> South Bend,2/10/2022,$275.20,$412.80,Travel,Checking,Apple Card,-$137.60,,$3112.50,CheckingApple Card
Flight IND --> Seattle,2/10/2022,,$137.60,Travel,,Checking,-$137.60,,$2974.90,SavingsChecking
Gavin’s Ticket,2/10/2022,$137.60,$137.20,,Checking,Checking,$0.40,,$2975.30,SavingsChecking
Laserflash,2/12/2022,$40.00,$80.00,Entertainment,Checking,Apple Card,-$40.00,,$2935.30,CheckingApple Card
Urban Light Tithe,2/13/2022,,$40.00,Tithe (Legal),,Discover,-$40.00,,$2895.30,Discover
Discover Payment,2/15/2022,$272.62,$272.62,Misc,Discover,Savings,$0.00,,$2895.30,DiscoverSavings
The Reason For God Textbook,2/16/2022,,$11.76,Textbook,,Discover,-$11.76,,$2883.54,Discover
TransfeChecking —> Savings,2/16/2022,$2000.00,$2000.00,Misc,Savings,Checking,$0.00,,$2883.54,SavingsChecking
Aunt Kris Amazon Gift Card,2/18/2022,$50.00,,Gift,Gift Card,,$50.00,,$2933.54,Gift Card
Apple Card Rewards,2/19/2022,$21.39,,Rewards,Checking,,$21.39,,$2954.93,Checking
Covid Test,2/21/2022,,$10.69,Cosmetics,,Apple Card,-$10.69,,$2944.24,Apple Card
Subscription Acorns,2/22/2022,,$1.00,Investments,,Checking,-$1.00,,$2943.24,Checking
Robert  Swanson Apple Cash TRANSFER,2/22/2022,$51.00,,Rewards,Checking,,$51.00,,$2994.24,Checking
McDonald's,2/22/2022,,$3.99,Food,,Checking,-$3.99,,$2990.25,Checking
GasBuddy GasBuddy,2/25/2022,,$36.88,Transportation,,Checking,-$36.88,,$2953.37,Checking
Apple Card Payment,2/28/2022,$1273.15,$1273.15,Misc,Apple Card,Savings,$0.00,,$2953.37,Apple CardSavings
Apple Subscription,2/28/2022,,$0.99,Entertainment,,Gift Card,-$0.99,,$2952.38,Gift Card
Ally Invest Withdrawal,3/1/2022,$1467.64,$1500.00,Investments,Savings,Ally Invest,-$32.36,,$2920.02,SavingsAlly Invest
50 First Dates Movie,3/2/2022,,$2.26,Entertainment,,Discover,-$2.26,,$2917.76,Discover
Silas Gift Game Controller,3/2/2022,,$25.56,Gift,,Gift Card,-$25.56,,$2892.20,Gift Card
Gable Hill Final Payment,3/4/2022,,$1575.00,Wedding,,Checking,-$1575.00,,$1317.20,Checking
Liberty Mutual,3/4/2022,,$49.42,Transportation,,Checking,-$49.42,,$1267.78,Checking
Netland Contemp Textbook,3/6/2022,,$22.87,Textbook,,Gift Card,-$22.87,,$1244.91,Gift Card
GasBuddy GasBuddy,3/8/2022,,$32.93,Transportation,,Checking,-$32.93,,$1211.98,Checking
Airband,3/9/2022,,$5.00,Entertainment,,Checking,-$5.00,,$1206.98,Checking
Honeymoon Airbnb A,3/9/2022,,$1286.09,Wedding,,Apple Card,-$1286.09,,-$79.11,Apple Card
Interest Paid,3/10/2022,$1.20,,Interest,Savings,,$1.20,,-$77.91,Savings
Interest Paid,3/10/2022,$0.21,,Interest,Checking,,$0.21,,-$77.70,Checking
Gillian Wedding Fund,3/12/2022,$5.00,,,Checking,,$5.00,,-$72.91,Checking
Louie’s Tux Shop Down Payment,3/12/2022,,$25.00,Wedding,,Apple Card,-$25.00,,-$97.91,Apple Card
Urban Light Tithe,3/13/2022,,$40.00,Tithe (Legal),,Discover,-$40.00,,-$137.91,Discover
Chick-fil-A,3/14/2022,,$9.48,Food,,Apple Card,-$9.48,,-$147.39,Apple Card
Upland Gas,3/14/2022,,$45.62,Transportation,,Checking,-$45.62,,-$193.01,Checking
Discover Payment,3/15/2022,$184.42,$184.42,Misc,Discover,Savings,$0.00,,-$193.01,DiscoverSavings
Diff EQ Workbook,3/15/2022,,$15.00,Textbook,,Checking,-$15.00,,-$208.01,Checking
Spring Break Gas,3/20/2022,,$44.99,Transportation,,Apple Card,-$44.99,,-$253.00,Apple Card
Gma C. Christmas Gift,3/21/2022,$50.00,,Gift,Savings,,$50.00,,-$203.00,Savings
Subscription Acorns,3/21/2022,,$1.00,Investments,,Checking,-$1.00,,-$204.00,Checking
Escape Room with K & J,3/21/2022,,$36.00,Entertainment,,Checking,-$36.00,,-$240.00,Checking
Pizza With K&J,3/21/2022,,$20.00,Food,,Checking,-$20.00,,-$260.00,Checking
Contemp Audible,3/23/2022,,$4.27,Textbook,,Discover,-$4.27,,-$264.27,Discover
Contemp Book,3/23/2022,,$8.05,Textbook,,Discover,-$8.05,,-$272.32,Discover
ON THE ROCKS,3/23/2022,,$29.82,Food,,Apple Card,-$29.82,,-$302.14,Apple Card
Wright Book Contemp Textbook,3/23/2022,,$1.57,Textbook,,Gift Card,-$1.57,,-$303.71,Gift Card
Tim Kindle Book,3/24/2022,$7.00,$7.48,Groceries,Checking,Discover,-$0.48,,-$304.19,CheckingDiscover
Dollar General,3/24/2022,,$3.14,Travel,,Apple Card,-$3.14,,-$307.33,Apple Card
Indiana State Tax,3/24/2022,$299.00,$299.00,Work,Savings,Checking,$0.00,,-$307.33,SavingsChecking
Federal Taxes,3/24/2022,,$12.00,Work,,Checking,-$12.00,,-$319.33,Checking
Dollar General,3/25/2022,,$7.89,Groceries,,Apple Card,-$7.89,,-$327.22,Apple Card
Bob Alber Amazon Gift Card,3/25/2022,$10.00,,Gift,Gift Card,,$10.00,,-$317.22,Gift Card
Spring Break Gas,3/26/2022,,$39.59,Travel,,Discover,-$39.59,,-$356.81,Discover
Aquarium Spring Break,3/26/2022,,$96.77,Travel,,Apple Card,-$96.77,,-$453.58,Apple Card
Subway,3/27/2022,,$10.76,Food,,Apple Card,-$10.76,,-$464.34,Apple Card
Wedding Bands,3/28/2022,,$946.95,Wedding,,Apple Card,-$946.95,,-$1411.29,Apple Card
Spring Break Gas,3/28/2022,,$67.00,Travel,,Apple Card,-$67.00,,-$1478.29,Apple Card
Groomsman Attire,3/28/2022,$105.40,$100.00,Wedding,Checking,Checking,$5.40,,-$1472.89,CheckingChecking
Apple Subscription,3/28/2022,,$6.39,Entertainment,,Gift Card,-$6.39,,-$1479.28,Gift Card
Registry Transfer,3/29/2022,$575.00,,Wedding,Checking,,$575.00,,-$904.28,Checking
Spring Break Balancing,3/29/2022,$385.13,$466.30,Travel,Checking,Checking,-$81.17,,-$985.45,CheckingChecking
Wedding Night Accommodations Booking,3/29/2022,,$160.94,Wedding,,Apple Card,-$160.94,,-$1146.39,Apple Card
Catering Down Payment,3/30/2022,$400.00,$400.00,Wedding,Checking,Checking,$0.00,,-$1146.39,CheckingChecking
Apple Card Payment,3/31/2022,$504.32,$504.32,Misc,Apple Card,Savings,$0.00,,-$1146.39,Apple CardSavings
Apple Card Rewards,4/1/2022,$52.06,,Rewards,Checking,,$52.06,,-$1094.33,Checking
Daniel Catan Refund Amazon,4/3/2022,$42.37,$42.37,Misc,Gift Card,Checking,$0.00,,-$1094.33,Gift CardChecking
Amazon Gift Card Cotemp Books,4/3/2022,,$29.24,Textbook,,Gift Card,-$29.24,,-$1123.57,Gift Card
Contemp Audible Plantinga,4/3/2022,,$8.01,Textbook,,Discover,-$8.01,,-$1131.58,Discover
Contemp Book Plantinga,4/3/2022,,$20.48,Textbook,,Discover,-$20.48,,-$1152.06,Discover
Groomsman Bow Ties,4/5/2022,$75.58,$129.58,Wedding,Checking,Apple Card,-$54.00,,-$1206.06,CheckingApple Card
Liberty Mutual,4/6/2022,,$49.42,Transportation,,Checking,-$49.42,,-$1255.48,Checking
Interest Paid,4/10/2022,$1.40,,Interest,Savings,,$1.40,,-$1254.08,Savings
Interest Paid,4/10/2022,$0.10,,Interest,Checking,,$0.10,,-$1253.98,Checking
Gerig Hoedown PAD,4/11/2022,,$18.75,Entertainment,,Checking,-$18.75,,-$1272.73,Checking
Upland Gas,4/11/2022,,$45.67,Transportation,,Apple Card,-$45.67,,-$1318.40,Apple Card
Colorado Tax Refund,4/12/2022,$230.00,,Work,Checking,,$230.00,,-$1088.40,Checking
Honors Symphony Event,4/12/2022,,$10.00,Entertainment,,Checking,-$10.00,,-$1098.40,Checking
Urban Light,4/13/2022,,$40.00,Tithe (Legal),,Discover,-$40.00,,-$1138.40,Discover
Discover Payment,4/15/2022,$42.26,$42.26,Misc,Discover,Savings,$0.00,,-$1138.40,DiscoverSavings
Subscription Acorns,4/21/2022,,$1.00,Investments,,Checking,-$1.00,,-$1139.40,Checking
Upland Gas,4/24/2022,,$42.95,Transportation,,Discover,-$42.95,,-$1182.35,Discover
Daniel Loan,4/25/2022,$8000.00,$8000.00,Misc,Savings,Daniel Loan,$0.00,,-$1182.35,SavingsDaniel Loan
Wedding Gifts,4/26/2022,$530.00,,Wedding,Checking,,$530.00,,-$652.35,Checking
Tim Groomsman,4/28/2022,,,Work,,,$0.00,,-$652.35,
Apple Card Payment,4/30/2022,$2688.83,$2688.83,Misc,Apple Card,Savings,$0.00,,-$652.35,Apple CardSavings
O'hare Pretzels,5/2/2022,,$3.56,Food,,Apple Card,-$3.56,,-$655.91,Apple Card
Contemp: War of Loves Audible,5/3/2022,,$8.01,Textbook,,Discover,-$8.01,,-$663.92,Discover
Wedding Plastic Dishes,5/4/2022,$100.00,$192.58,Wedding,Checking,Discover,-$92.58,,-$756.50,CheckingDiscover
Liberty Mutual,5/4/2022,,$49.42,Transportation,,Checking,-$49.42,,-$805.92,Checking
Wedding Gift,5/4/2022,$50.00,,Wedding,Checking,,$50.00,,-$755.92,Checking
Rachel Wedding Gift,5/7/2022,$50.00,,Wedding,Gift Card,,$50.00,,-$705.92,Gift Card
Kris Mckenna Wedding Gift,5/7/2022,$100.00,,Wedding,Gift Card,,$100.00,,-$605.92,Gift Card
Interest Paid,5/10/2022,$0.15,,Interest,Checking,,$0.15,,-$605.77,Checking
Upland Gas,5/10/2022,,$42.04,Transportation,,Checking,-$42.04,,-$647.81,Checking
Interest Paid,5/10/2022,$2.73,,Interest,Savings,,$2.73,,-$645.08,Savings
Catering Venmo to M,5/11/2022,,$25.00,Wedding,,Checking,-$25.00,,-$670.08,Checking
Urban Light Tithe,5/13/2022,,$40.00,Tithe (Legal),,Discover,-$40.00,,-$710.08,Discover
Gas Upland,5/13/2022,,$41.35,Transportation,,Discover,-$41.35,,-$751.43,Discover
Wedding Favors,5/14/2022,,$40.02,Wedding,,Discover,-$40.02,,-$791.45,Discover
Discover Payment,5/15/2022,$127.88,$127.88,Misc,Discover,Savings,$0.00,,-$791.45,DiscoverSavings
Chicago Gas,5/16/2022,,$50.30,Transportation,,Discover,-$50.30,,-$841.75,Discover
Catering Venmo to M,5/16/2022,,$185.00,Wedding,,Checking,-$185.00,,-$1026.75,Checking
James Research Raffle,5/16/2022,$20.00,,Gift,Gift Card,,$20.00,,-$1006.75,Gift Card
Kroeze Wedding Gift,5/20/2022,$35.00,,Wedding,Checking,,$35.00,,-$971.75,Checking
Rosario Wedding Gift,5/20/2022,$50.00,,Wedding,Checking,,$50.00,,-$921.75,Checking
Rulli’s M Graduation Gift,5/20/2022,$50.00,,Gift,Cash,,$50.00,,-$871.75,Cash
Wedding Night Accommodations Final Payment,5/22/2022,,$187.40,Wedding,,Apple Card,-$187.40,,-$1059.15,Apple Card
Spotify,5/23/2022,,$4.99,Entertainment,,Discover,-$4.99,,-$1064.14,Discover
Subscription Acorns,5/23/2022,,$1.00,Investments,,Checking,-$1.00,,-$1065.14,Checking
TransfeSavings —> Checking,5/23/2022,$1000.00,$1000.00,Misc,Checking,Savings,$0.00,,-$1065.14,CheckingSavings
Catering Venmo to Sarah,5/24/2022,,$1931.71,Wedding,,Checking,-$1931.71,,-$2996.85,Checking
Airbnb Second Payment,5/24/2022,,$1254.40,Wedding,,Apple Card,-$1254.40,,-$4251.25,Apple Card
Mr. Cox Gift,5/24/2022,$14.00,,Wedding,Cash,,$14.00,,-$4237.25,Cash
Haenggi Graduation Gift,5/25/2022,$500.00,$250.00,Gift,Savings,Checking,$250.00,,-$3987.25,SavingsChecking
Apple Card Rewards,5/25/2022,$31.96,,Rewards,Checking,,$31.96,,-$3955.29,Checking
Haenggi Wedding Gift,5/25/2022,$1000.00,,Wedding,Savings,,$1000.00,,-$2955.29,Savings
Panda Express Dinner w/ Tim,5/25/2022,$6.20,$12.20,Food,Checking,Discover,-$6.00,,-$2961.29,CheckingDiscover
Seattle Ferry,5/27/2022,,$9.25,Travel,,Discover,-$9.25,,-$2970.54,Discover
Seattle Mexican Lunch,5/27/2022,,$13.64,Food,,Checking,-$13.64,,-$2984.18,Checking
Seattle French Bakery,5/28/2022,,$4.32,Food,,Apple Card,-$4.32,,-$2988.50,Apple Card
Seattle Doughnut,5/29/2022,,$2.48,Food,,Discover,-$2.48,,-$2990.98,Discover
Seattle Ice Cream,5/30/2022,,$8.77,Food,,Apple Card,-$8.77,,-$2999.75,Apple Card
Dr. Strange Tickets,5/30/2022,,$10.00,Entertainment,,Checking,-$10.00,,-$3009.75,Checking
Seattle Groceries,5/30/2022,,$20.00,Food,,Checking,-$20.00,,-$3029.75,Checking
Apple Card Payment,5/31/2022,$175.25,$175.25,Misc,Apple Card,Savings,$0.00,,-$3029.75,Apple CardSavings
Catering Venmo Difference,5/31/2022,,$91.01,Wedding,,Checking,-$91.01,,-$3120.76,Checking
Seatle Italian Dinner,6/1/2022,,$20.50,Food,,Checking,-$20.50,,-$3141.26,Checking
Wedding Favors and Gifts Walmart,6/1/2022,,$34.93,Wedding,,Gift Card,-$34.93,,-$3155.69,Gift Card
Grandma C Graduation & Wedding Gift,6/2/2022,$200.00,,Wedding,Checking,,$200.00,,-$2955.69,Checking
Wendy Mattson Wedding Gift,6/2/2022,$50.00,,Wedding,Checking,,$50.00,,-$2905.69,Checking
Marriage License,6/3/2022,,$30.00,Wedding,,Cash,-$30.00,,-$2935.69,Cash
Wedding Tux,6/3/2022,,$156.85,Wedding,,Discover,-$156.85,,-$3092.54,Discover
Wedding Favors and Gifts Walmart,6/3/2022,,$45.42,Wedding,,Discover,-$45.42,,-$3137.96,Discover
Groomsman Gifts,6/3/2022,,$32.39,Wedding,,Checking,-$32.39,,-$3170.35,Checking
Appetizer Tables,6/3/2022,,$100.00,Wedding,,Checking,-$100.00,,-$3270.35,Checking
Rachel Teal Wedding Gift,6/3/2022,$100.00,,Wedding,Checking,,$100.00,,-$3170.35,Checking
Bob Mortan Wedding Officiant,6/3/2022,,$100.00,Wedding,,Checking,-$100.00,,-$3270.35,Checking
Kris Mckenna Wedding Gift,6/3/2022,$50.00,,Wedding,Checking,,$50.00,,-$3220.35,Checking
Taylor Housing Deposit Refund,6/3/2022,$50.00,,Direct College,Savings,,$50.00,,-$3170.35,Savings
Flower Pots,6/4/2022,,$15.77,Wedding,,Discover,-$15.77,,-$3186.12,Discover
Haircut,6/4/2022,,$32.00,Cosmetics,,Apple Card,-$32.00,,-$3218.12,Apple Card
South Bend Gas,6/4/2022,,$52.10,Transportation,,Apple Card,-$52.10,,-$3270.22,Apple Card
Seattle Train,6/4/2022,,$3.00,Travel,,Apple Card,-$3.00,,-$3273.22,Apple Card
Mcdonalds Breakfast,6/4/2022,,$5.93,Food,,Apple Card,-$5.93,,-$3279.15,Apple Card
Honeymoon Groceries,6/6/2022,,$191.49,Groceries,,Discover,-$191.49,,-$3470.64,Discover
Liberty Mutual Car Insurance,6/6/2022,,$49.42,Transportation,,Checking,-$49.42,,-$3520.06,Checking
Gable Hill Deposit Repayment,6/6/2022,$300.00,,Wedding,Checking,,$300.00,,-$3220.06,Checking
Drummond Island Ferry,6/7/2022,,$20.00,Travel,,Discover,-$20.00,,-$3240.06,Discover
Honeymoon Gas 1,6/7/2022,,$58.70,Transportation,,Discover,-$58.70,,-$3298.76,Discover
Indiana State Tax,6/7/2022,,$329.83,Work,,Checking,-$329.83,,-$3628.59,Checking
South Bend AirBNB,6/7/2022,,$100.00,Travel,,Checking,-$100.00,,-$3728.59,Checking
Interest Paid,6/10/2022,$0.11,,Interest,Checking,,$0.11,,-$3728.48,Checking
Interest Paid,6/10/2022,$4.92,,Interest,Savings,,$4.92,,-$3723.56,Savings
Honeymoon Tolls,6/12/2022,,$8.00,Travel,,Cash,-$8.00,,-$3731.56,Cash
Honeymoon Groceries,6/13/2022,,$26.85,Groceries,,Apple Card,-$26.85,,-$3758.41,Apple Card
Urban Light Tithe,6/13/2022,,$40.00,Groceries,,Discover,-$40.00,,-$3798.41,Discover
Honeymoon Gas 2,6/14/2022,,$54.58,Transportation,,Apple Card,-$54.58,,-$3852.99,Apple Card
Honeymoon Gas 3,6/14/2022,,$57.55,Transportation,,Apple Card,-$57.55,,-$3910.54,Apple Card
Madison’s Tithe,6/14/2022,$104.00,,Misc,Cash,,$104.00,,-$3806.54,Cash
Hannah Wedding Gift,6/14/2022,$70.00,,Wedding,Cash,,$70.00,,-$3736.54,Cash
Grandma & Paw Paw,6/14/2022,$100.00,,Wedding,Cash,,$100.00,,-$3636.54,Cash
Zartmans,6/14/2022,$120.00,,Wedding,Cash,,$120.00,,-$3516.54,Cash
Boones Wedding Gift,6/14/2022,$40.00,,Wedding,Cash,,$40.00,,-$3476.54,Cash
Gassmans,6/14/2022,$100.00,,Wedding,Cash,,$100.00,,-$3376.54,Cash
Annie Goeller,6/14/2022,$200.00,,Wedding,Savings,,$200.00,,-$3176.54,Savings
Thomas Collins,6/14/2022,$500.00,,Wedding,Savings,,$500.00,,-$2676.54,Savings
Eric & Julie Swanson,6/14/2022,$100.00,,Wedding,Savings,,$100.00,,,Savings
Sylvia Fleetwood,6/14/2022,$30.00,,Wedding,Savings,,$30.00,,,Savings
Lora Ruark,6/14/2022,$25.00,,Wedding,Savings,,$25.00,,,Savings
Naoma Ruark,6/14/2022,$50.00,,Wedding,Savings,,$50.00,,,Savings
Liz Carpenter,6/14/2022,$100.00,,Wedding,Checking,,$100.00,,,Checking
Virginia Campbell,6/14/2022,$50.00,,Wedding,Savings,,$50.00,,,Savings
Mary Wood,6/14/2022,$50.00,,Wedding,Savings,,$50.00,,,Savings
Bethany Winkle Gift,6/14/2022,$71.60,$21.60,Wedding,Savings,Checking,$50.00,,,SavingsChecking
Unknown Cash Wedding Gift,6/14/2022,$120.00,,Wedding,Cash,,$120.00,,,Cash
Apple Card Rewards,6/14/2022,$8.76,,Rewards,Checking,,$8.76,,,Checking
Meyer Dougnuts,6/14/2022,,$3.00,Food,,Cash,-$3.00,,,Cash
Walmart Groceries,6/14/2022,,$90.00,Groceries,,Cash,-$90.00,,,Cash
Walmart Groceries,6/14/2022,,$0.13,Groceries,,Gift Card,-$0.13,,,Gift Card
Connie & Matt Lentsch,6/15/2022,$100.00,,Wedding,Savings,,$100.00,,,Savings
Flowers,6/15/2022,,$675.00,Wedding,,Checking,-$675.00,,,Checking
Zola Wedding Gifts,6/15/2022,$440.00,,Wedding,Checking,,$440.00,,,Checking
Madison's Money,6/15/2022,$363.64,,Misc,Checking,,$363.64,,,Checking
New City Parking,6/16/2022,,$8.00,Transportation,,Discover,-$8.00,,,Discover
Chicago Visit Gas,6/16/2022,,$54.67,Transportation,,Discover,-$54.67,,,Discover
Chicago Visit Tolls,6/16/2022,,$1.10,Transportation,,Discover,-$1.10,,,Discover
Discover Payment,6/16/2022,$415.21,$415.21,Misc,Discover,Savings,$0.00,,,DiscoverSavings
Chicago Trip Tolls,6/17/2022,,$5.90,Transportation,,Apple Card,-$5.90,,,Apple Card
Chicago Trip Tolls,6/17/2022,,$2.90,Transportation,,Apple Card,-$2.90,,,Apple Card
Chicago Trip Parking,6/18/2022,,$6.00,Transportation,,Apple Card,-$6.00,,,Apple Card
Coffee Table,6/18/2022,,$10.00,Housing,,Cash,-$10.00,,,Cash
Lunch with Alyssa,6/19/2022,,$20.00,Food,,Cash,-$20.00,,,Cash
Thank You Cards Stamps,6/20/2022,,$34.35,Wedding,,Gift Card,-$34.35,,,Gift Card
Wedding Tree Care,6/20/2022,,$14.94,Wedding,,Gift Card,-$14.94,,,Gift Card
Kate Airbnb Payment,6/20/2022,,$200.00,Housing,,Checking,-$200.00,,,Checking
ALDI Groceries,6/21/2022,,$11.03,Groceries,,Apple Card,-$11.03,,,Apple Card
Subscription Acorns,6/21/2022,,$1.00,Investments,,Checking,-$1.00,,,Checking
Atwater Application/Move In Fee,6/21/2022,,$500.00,Housing,,Checking,-$500.00,,,Checking
Colter Bay Campground,6/22/2022,,$49.95,Travel,,Apple Card,-$49.95,,,Apple Card
Spotify,6/23/2022,,$4.99,Entertainment,,Discover,-$4.99,,,Discover
Bridge Bay Campground,6/23/2022,,$33.09,Travel,,Apple Card,-$33.09,,,Apple Card
Canyon Campground,6/23/2022,,$38.80,Travel,,Apple Card,-$38.80,,,Apple Card
National Parks Pass,6/24/2022,,$85.00,Travel,,Apple Card,-$85.00,,,Apple Card
Kamp Klamath Campground,6/24/2022,,$42.84,Travel,,Apple Card,-$42.84,,,Apple Card
Cinemark Buzz Lightyear Movie,6/24/2022,,$23.00,Travel,,Apple Card,-$23.00,,,Apple Card
Indian Flat Campground,6/24/2022,,$32.00,Travel,,Apple Card,-$32.00,,,Apple Card
Walmart Date,6/24/2022,,$28.01,Groceries,,Apple Card,-$28.01,,,Apple Card
National Parks Pass Shipping,6/24/2022,,$6.71,Travel,,Apple Card,-$6.71,,,Apple Card
Kawea Campground,6/24/2022,,$25.00,Travel,,Discover,-$25.00,,,Discover
High Sierra Campsite,6/25/2022,,$32.00,Travel,,Apple Card,-$32.00,,,Apple Card
Moraine Campground,6/25/2022,,$22.00,Travel,,Apple Card,-$22.00,,,Apple Card
Gerstle Cove,6/25/2022,,$42.99,Travel,,Apple Card,-$42.99,,,Apple Card
North Rim Campground,6/25/2022,,$18.00,Travel,,Apple Card,-$18.00,,,Apple Card
Shipping for M Phone,6/25/2022,,$56.00,Tech,,Checking,-$56.00,,,Checking
Hiking Boots,6/26/2022,,$240.72,Clothes,,Apple Card,-$240.72,,,Apple Card
Midas Oil Change,6/26/2022,,$47.31,Transportation,,Apple Card,-$47.31,,,Apple Card
Amazon Camping Supplies,6/27/2022,,$131.94,Travel,,Apple Card,-$131.94,,,Apple Card
Amazon Camping Supplies,6/28/2022,,$91.96,Travel,,Apple Card,-$91.96,,,Apple Card
Walmart Camping Supplies,6/28/2022,,$236.52,Travel,,Apple Card,-$236.52,,,Apple Card
Amazon Camping Supplies,6/28/2022,,$129.80,Travel,,Apple Card,-$129.80,,,Apple Card
Amazon Camping Supplies,6/28/2022,,$408.62,Travel,,Apple Card,-$408.62,,,Apple Card
The Chicken and the Pickle,6/29/2022,,$27.52,Food,,Discover,-$27.52,,,Discover
Indiana Gas,6/29/2022,,$46.17,Transportation,,Apple Card,-$46.17,,,Apple Card
Walgreens Chapstick,6/29/2022,,$3.20,Health,,Apple Card,-$3.20,,,Apple Card
Subway Dinner,6/29/2022,,$5.35,Food,,Apple Card,-$5.35,,,Apple Card
Amazon Tenting Poles Refund,6/29/2022,$48.13,$49.15,Travel,Apple Card,Apple Card,-$1.02,,,Apple CardApple Card
Walmart Change,6/30/2022,,$1.18,Groceries,,Discover,-$1.18,,,Discover
Kansas Gas 2,6/30/2022,,$47.51,Travel,,Discover,-$47.51,,,Discover
Kans Gas 1,6/30/2022,,$50.26,Travel,,Discover,-$50.26,,,Discover
Apple Card Payment,6/30/2022,$2000.00,$2000.00,Misc,Apple Card,Checking,$0.00,,,Apple CardChecking
Colorado Springs Walmart,6/30/2022,,$101.00,Groceries,,Cash,-$101.00,,,Cash
Walmart Change,7/1/2022,,$1.53,Groceries,,Discover,-$1.53,,,Discover
Overdraft Transfer,7/1/2022,$1600.00,$1600.00,Misc,Checking,Savings,$0.00,,,CheckingSavings
Optiver Relocation Bonus,7/1/2022,$5000.00,,Work,Savings,,$5000.00,,,Savings
Denver Walmart Iphone Case,7/1/2022,,$20.00,Tech,,Cash,-$20.00,,,Cash
Missouri Gas,7/2/2022,,$51.26,Travel,,Apple Card,-$51.26,,,Apple Card
Colorado Gas,7/4/2022,,$46.53,Travel,,Apple Card,-$46.53,,,Apple Card
Tetons Firewood,7/4/2022,,$9.21,Travel,,Apple Card,-$9.21,,,Apple Card
Tetons Ice,7/4/2022,,$3.99,Travel,,Apple Card,-$3.99,,,Apple Card
Oregon Gas 2,7/5/2022,,$48.63,Travel,,Discover,-$48.63,,,Discover
Yosemite Firewood,7/5/2022,,$3.64,Gift,,Apple Card,-$3.64,,,Apple Card
Wyoming Gas,7/5/2022,,$51.67,Travel,,Apple Card,-$51.67,,,Apple Card
Yellowstone Postcards,7/5/2022,,$2.10,Travel,,Apple Card,-$2.10,,,Apple Card
Panda Express,7/6/2022,,$11.13,Food,,Apple Card,-$11.13,,,Apple Card
Gas,7/6/2022,,$57.99,Travel,,Apple Card,-$57.99,,,Apple Card
Montana Gas,7/6/2022,,$55.47,Travel,,Apple Card,-$55.47,,,Apple Card
Bridesmaid Dress,7/6/2022,,$83.99,Gift,,Apple Card,-$83.99,,,Apple Card
Liberty Mutual Car Insurance,7/6/2022,,$49.42,Transportation,,Checking,-$49.42,,,Checking
Safeway Caffeine,7/7/2022,,$2.29,Food,,Apple Card,-$2.29,,,Apple Card
La Pine Hotel,7/7/2022,,$90.06,Travel,,Apple Card,-$90.06,,,Apple Card
White Water Rafting,7/7/2022,,$87.07,Travel,,Apple Card,-$87.07,,,Apple Card
CA Walmart,7/7/2022,,$40.00,Groceries,,Cash,-$40.00,,,Cash
California Gas 1,7/8/2022,,$66.72,Travel,,Apple Card,-$66.72,,,Apple Card
Denny's Dinner,7/8/2022,,$41.83,Food,,Apple Card,-$41.83,,,Apple Card
Pigeon River Campground,7/8/2022,,$27.66,Travel,,Apple Card,-$27.66,,,Apple Card
Yellowstone Donation,7/8/2022,,$5.00,Tithe (Legal),,Apple Card,-$5.00,,,Apple Card
Yosemite Wifi,7/9/2022,,$9.99,Travel,,Apple Card,-$9.99,,,Apple Card
Yosemite Firewood,7/9/2022,,$10.23,Food,,Apple Card,-$10.23,,,Apple Card
Yosemite Gas,7/9/2022,,$50.00,Travel,,Cash,-$50.00,,,Cash
Laundry Yosemite ,7/9/2022,,$3.25,Travel,,Cash,-$3.25,,,Cash
Spotify,7/10/2022,,$4.99,Entertainment,,M Discover,-$4.99,,,M Discover
Interest Paid,7/10/2022,$0.03,,Interest,Checking,,$0.03,,,Checking
Interest Paid,7/10/2022,$8.49,,Interest,Savings,,$8.49,,,Savings
California Gas 2,7/10/2022,,$51.76,Travel,,Apple Card,-$51.76,,,Apple Card
Transfer,7/11/2022,$300.00,$300.00,Misc,Checking,Savings,$0.00,,,CheckingSavings
Illinois Toll,7/11/2022,,$1.10,Travel,,Apple Card,-$1.10,,,Apple Card
Subway,7/11/2022,,$13.77,Food,,Apple Card,-$13.77,,,Apple Card
Lemonade Renters Insurance,7/12/2022,,$130.00,Housing,,Apple Card,-$130.00,,,Apple Card
Urban Light Tithe,7/13/2022,,$40.00,Tithe (Legal),,Discover,-$40.00,,,Discover
Arizona Gas 2,7/14/2022,,$52.56,Travel,,Apple Card,-$52.56,,,Apple Card
Utah Walmart,7/14/2022,,$54.00,Groceries,,Cash,-$54.00,,,Cash
Discover Payment,7/15/2022,$620.92,$620.92,Misc,Discover,Savings,$0.00,,,DiscoverSavings
Horseshoe Bend,7/15/2022,,$10.00,Travel,,Cash,-$10.00,,,Cash
Jack in the Box,7/16/2022,,$16.15,Food,,Discover,-$16.15,,,Discover
Texas Roadhouse,7/16/2022,,$50.00,Food,,Apple Card,-$50.00,,,Apple Card
Great Smokeys Backpacking Permit,7/16/2022,,$32.00,Travel,,Apple Card,-$32.00,,,Apple Card
New Mexico Gas,7/17/2022,,$40.10,Travel,,Apple Card,-$40.10,,,Apple Card
Arizona Gas 3,7/17/2022,,$57.29,Travel,,Apple Card,-$57.29,,,Apple Card
Budget Inn New Mexico,7/18/2022,,$56.69,Travel,,Apple Card,-$56.69,,,Apple Card
Lake Powell Canyon Inn AZ,7/18/2022,,$75.00,Travel,,Apple Card,-$75.00,,,Apple Card
Mamas Dinner,7/18/2022,,$27.00,Food,,Discover,-$27.00,,,Discover
Texas Gas,7/18/2022,,$42.74,Travel,,Apple Card,-$42.74,,,Apple Card
Wade Cox Gift,7/18/2022,$20.00,,Gift,Cash,,$20.00,,,Cash
Shake at Thor Movie,7/19/2022,,$8.84,Food,,Discover,-$8.84,,,Discover
Thor Movie Tickets,7/19/2022,,$18.00,Entertainment,,Checking,-$18.00,,,Checking
Esta Bought by Abigail,7/19/2022,$300.00,,Work,Checking,,$300.00,,,Checking
Tim Wedding Tux,7/19/2022,,$226.84,Clothes,,Apple Card,-$226.84,,,Apple Card
Smokey Mountains License ,7/19/2022,,$25.00,Travel,,Apple Card,-$25.00,,,Apple Card
Autozone Coolant,7/20/2022,$24.11,$37.32,Transportation,Apple Card,Apple Card,-$13.21,,,Apple CardApple Card
Texas Gas,7/20/2022,,$42.70,Travel,,Apple Card,-$42.70,,,Apple Card
Autozone Washer Pump,7/20/2022,,$64.94,Transportation,,Apple Card,-$64.94,,,Apple Card
Tennessee Gas,7/21/2022,,$41.55,Travel,,Discover,-$41.55,,,Discover
Backpacking Groceries,7/21/2022,,$50.81,Transportation,,Apple Card,-$50.81,,,Apple Card
Dinner with Graeson,7/21/2022,,$24.54,Food,,Apple Card,-$24.54,,,Apple Card
Subscription Acorns,7/21/2022,,$1.00,Investments,,Checking,-$1.00,,,Checking
Graeson Suit Deposit,7/21/2022,,$20.00,Clothes,,Checking,-$20.00,,,Checking
TODO: Amazon Dialators,7/21/2022,,$28.99,Health,,Gift Card,-$28.99,,,Gift Card
Panera Bread,7/22/2022,,$25.31,Food,,Discover,-$25.31,,,Discover
Arkansas Walmart,7/22/2022,,$13.50,Groceries,,Apple Card,-$13.50,,,Apple Card
Arkansas Gas,7/22/2022,,$38.60,Travel,,Apple Card,-$38.60,,,Apple Card
Spotify,7/23/2022,,$4.99,Entertainment,,Discover,-$4.99,,,Discover
Swanson Parents Gift,7/26/2022,$200.00,,Gift,Checking,,$200.00,,,Checking
Transfer,7/26/2022,$1000.00,$1000.00,Misc,Checking,Savings,$0.00,,,CheckingSavings
Smokeys Laundry,7/26/2022,,$4.50,Housing,,Cash,-$4.50,,,Cash
Tennessee Gas,7/27/2022,,$37.37,Travel,,Discover,-$37.37,,,Discover
Gatlinburg Hotel,7/27/2022,,$44.64,Travel,,Apple Card,-$44.64,,,Apple Card
Medical Supplies,7/27/2022,,$8.45,Health,,Apple Card,-$8.45,,,Apple Card
Niagra Falls Camp,7/27/2022,,$40.00,Travel,,Apple Card,-$40.00,,,Apple Card
Ford Focus Bearing Work,7/27/2022,,$434.70,Transportation,,Checking,-$434.70,,,Checking
Supreme Bagels,7/28/2022,,$13.27,Food,,Discover,-$13.27,,,Discover
TODO: M Phone Case 1,7/28/2022,,$19.71,Groceries,,Apple Card,-$19.71,,,Apple Card
Pizza Dinner,7/28/2022,,$16.84,Food,,Apple Card,-$16.84,,,Apple Card
Maryland Gas,7/28/2022,,$41.06,Travel,,Apple Card,-$41.06,,,Apple Card
Chick-fil-A,7/28/2022,,$14.98,Food,,Apple Card,-$14.98,,,Apple Card
M Phone Case 2,7/28/2022,,$32.05,Groceries,,Apple Card,-$32.05,,,Apple Card
Table Lazy Susan Bearing,7/28/2022,$53.01,$144.79,Furnishing,Apple Card,Apple Card,-$91.78,,,Apple CardApple Card
TODO: M Phone Case 1,7/28/2022,,$14.14,Tech,,Gift Card,-$14.14,,,Gift Card
New Jersey Ice Crem,7/28/2022,,$12.00,Food,,Cash,-$12.00,,,Cash
NY Vietnamese Dinner,7/29/2022,$5.00,$35.68,Food,Checking,Discover,-$30.68,,,CheckingDiscover
Rulli Chicago Night,7/30/2022,$180.00,$179.38,Misc,Checking,Discover,$0.62,,,CheckingDiscover
Daily Cash Adjustment,7/30/2022,,$1.17,Rewards,,Apple Card,-$1.17,,,Apple Card
NY Transit,7/30/2022,,$11.00,Transportation,,Apple Card,-$11.00,,,Apple Card
Apple Card Payment,7/31/2022,$1473.85,$1473.85,Misc,Apple Card,Savings,$0.00,,,Apple CardSavings
Ellie Wedding Gift ,8/1/2022,$50.00,,Wedding,Cash,,$50.00,,,Cash
Niagra Gas,8/2/2022,,$30.44,Travel,,Discover,-$30.44,,,Discover
Connecticut Gas,8/2/2022,,$44.20,Travel,,Apple Card,-$44.20,,,Apple Card
Panera Lunch w/ Taylor Friends,8/2/2022,,$24.17,Food,,Checking,-$24.17,,,Checking
Travel Chocolate,8/3/2022,,$4.99,Food,,Discover,-$4.99,,,Discover
Niagra Parking,8/3/2022,,$2.60,Transportation,,Discover,-$2.60,,,Discover
Taco Bell Dinner,8/3/2022,,$6.76,Food,,Discover,-$6.76,,,Discover
Ohio Tolls,8/3/2022,,$5.75,Transportation,,Discover,-$5.75,,,Discover
USA-Canada Bridge Tolls,8/3/2022,,$11.00,Transportation,,Cash,-$11.00,,,Cash
Indiana Tolls,8/3/2022,,$5.40,Transportation,,Cash,-$5.40,,,Cash
Liberty Mutual Car Insurance,8/4/2022,,$49.42,Transportation,,Checking,-$49.42,,,Checking
New York Gas,8/4/2022,,$46.36,Transportation,,Apple Card,-$46.36,,,Apple Card
Great Lakes Meuseum,8/4/2022,,$34.00,Entertainment,,Apple Card,-$34.00,,,Apple Card
Indiana Gas,8/5/2022,,$44.62,Travel,,Apple Card,-$44.62,,,Apple Card
Ashley Homestore: Bedframe,8/5/2022,,$298.88,Furnishing,,Ashley,-$298.88,,,Ashley
American Freight: Couch,8/5/2022,,$855.99,Furnishing,,Paypal,-$855.99,,,Paypal
Couch Payment 1/4,8/6/2022,$214.00,$214.00,Furnishing,Paypal,Discover,$0.00,,,PaypalDiscover
Mattress Firm,8/6/2022,,$523.66,Furnishing,,Mattress Firm,-$523.66,,,Mattress Firm
McDonald’s,8/7/2022,,$12.03,Food,,Apple Card,-$12.03,,,Apple Card
Ariana Ice Cream Museum Gift,8/7/2022,$134.00,$224.10,Gift,Checking,Apple Card,-$90.10,,,CheckingApple Card
Bed Frame Tax Payment 1/7,8/7/2022,,$20.92,Furnishing,,Apple Card,-$20.92,,,Apple Card
Transfer to Checking,8/7/2022,$1500.00,$1500.00,Misc,Checking,Savings,$0.00,,,CheckingSavings
August Rent,8/7/2022,,$2305.13,Housing,,Checking,-$2305.13,,,Checking
August Parking,8/8/2022,,$285.00,Transportation,,Apple Card,-$285.00,,,Apple Card
U-Haul,8/9/2022,,$206.46,Housing,,Apple Card,-$206.46,,,Apple Card
Interest Paid,8/10/2022,$12.20,,Interest,Savings,,$12.20,,,Savings
Interest Paid,8/10/2022,$0.06,,Interest,Checking,,$0.06,,,Checking
M Spotify,8/10/2022,,$4.99,Entertainment,,M Discover,-$4.99,,,M Discover
U-Haul Gas,8/10/2022,,$72.13,Housing,,Apple Card,-$72.13,,,Apple Card
Dialators,8/11/2022,,$28.27,Health,,Apple Card,-$28.27,,,Apple Card
Router,8/12/2022,,$55.07,Tech,,Apple Card,-$55.07,,,Apple Card
"Walmart Kitchen Stock, Appliances",8/12/2022,,$254.57,Groceries,,Apple Card,-$254.57,,,Apple Card
"IKEA Desk, Side Table",8/12/2022,,$169.21,Furnishing,,Apple Card,-$169.21,,,Apple Card
Amazon Bookshelf 2,8/12/2022,,$76.06,Furnishing,,Apple Card,-$76.06,,,Apple Card
Amazon Bookshelf 1,8/12/2022,,$76.06,Furnishing,,M Discover,-$76.06,,,M Discover
Amazon TV Stand,8/12/2022,,$100.57,Furnishing,,M Discover,-$100.57,,,M Discover
Amazon Pot Holders,8/12/2022,,$17.63,Furnishing,,M Discover,-$17.63,,,M Discover
Chicago Gas,8/13/2022,,$44.21,Transportation,,Apple Card,-$44.21,,,Apple Card
ALDI Groceries,8/13/2022,,$221.26,Groceries,,Apple Card,-$221.26,,,Apple Card
Urban Light Tithe,8/13/2022,,$40.00,Groceries,,Discover,-$40.00,,,Discover
⏰ Couch Payment 2/4,8/20/2022,$0.00,$0.00,Furnishing,Paypal,Discover,$0.00,,,PaypalDiscover
⏰ Bonus Paycheck,8/31/2022,$0.00,,,Savings,,$0.00,,,Savings
⏰ September Rent Atwater,9/1/2022,$2909.00,$2909.00,Housing,Savings,Savings,$0.00,,,SavingsSavings
⏰ TODO: Bed Frame Tax Payment 2/7,9/3/2022,$0.00,$0.00,Misc,Ashley,Checking,$0.00,,,AshleyChecking
⏰ TODO: Mattress Payment 1/6,9/3/2022,$0.00,$0.00,Misc,Mattress Firm,Checking,$0.00,,,Mattress FirmChecking
⏰ Couch Payment 3/4,9/4/2022,$0.00,$0.00,Furnishing,Paypal,Discover,$0.00,,,PaypalDiscover
September Paycheck 1,9/15/2022,$0.00,,,Savings,,$0.00,,,Savings
⏰ Couch Payment 4/4,9/19/2022,$0.00,$0.00,Furnishing,Paypal,Discover,$0.00,,,PaypalDiscover
September Paycheck 2,9/30/2022,$0.00,,,Savings,,$0.00,,,Savings
October Paycheck 1,10/15/2022,$0.00,,,Savings,,$0.00,,,Savings
⏰ TODO: Bed Frame Tax Payment 3/7,11/15/2022,$0.00,$0.00,Misc,Ashley,Checking,$0.00,,,AshleyChecking
October Paycheck 2,10/31/2022,$0.00,,,Savings,,$0.00,,,Savings
November Paycheck 1,11/15/2022,$0.00,,,Savings,,$0.00,,,Savings
⏰ TODO: Mattress Payment 2/6,12/16/2022,$0.00,$0.00,Misc,Mattress Firm,Checking,$0.00,,,Mattress FirmChecking
November Paycheck 2,11/30/2022,$0.00,,,Savings,,$0.00,,,Savings
⏰ Graeson Wedding Suit,12/4/2022,$229.99,$229.99,Gift,Apple Card,Apple Card,$0.00,,,Apple CardApple Card
December Paycheck 1,12/15/2022,$0.00,,,Savings,,$0.00,,,Savings
December Paycheck 2,12/31/2022,$0.00,,,Savings,,$0.00,,,Savings
⏰ TODO: Bed Frame Tax Payment 4/7,1/31/2023,$0.00,$0.00,Misc,Ashley,Checking,$0.00,,,AshleyChecking
⏰ TODO: Bed Frame Tax Payment 5/7,3/3/2023,$0.00,$0.00,Misc,Ashley,Checking,$0.00,,,AshleyChecking
⏰ TODO: Mattress Payment 3/6,4/3/2023,$0.00,$0.00,Misc,Mattress Firm,Checking,$0.00,,,Mattress FirmChecking
⏰ TODO: Mattress Payment 4/6,5/4/2023,$0.00,$0.00,Misc,Mattress Firm,Checking,$0.00,,,Mattress FirmChecking
⏰ TODO: Bed Frame Tax Payment 6/7,6/4/2023,$0.00,$0.00,Misc,Ashley,Checking,$0.00,,,AshleyChecking
⏰ TODO: Mattress Payment 5/6,7/5/2023,$0.00,$0.00,Misc,Mattress Firm,Checking,$0.00,,,Mattress FirmChecking
⏰ TODO: Bed Frame Tax Payment 6/7,8/5/2023,$0.00,$0.00,Misc,Ashley,Checking,$0.00,,,AshleyChecking
⏰ TODO: Mattress Payment 6/6,9/5/2023,$0.00,$0.00,Misc,Mattress Firm,Checking,$0.00,,,Mattress FirmChecking
Apple Card Rewards,8/13/2022,$58.24,,Rewards,Checking,,$58.24,,,Checking
Apple Card Payment,8/13/2022,$2181.32,$2181.32,Misc,Apple Card,Savings,$0.00,,,Apple CardSavings
Discover Payment,8/13/2022,$298.61,$298.61,Misc,Discover,Savings,$0.00,,,DiscoverSavings